relative time,X Position (meters),Y Position (meters),AP1 FTM,AP1 RSSI,AP2 FTM,AP2 RSSI,AP3 FTM,AP3 RSSI,AP4 FTM,AP4 RSSI,AP5 FTM,AP5 RSSI,AP6 FTM,AP6 RSSI,AP7 FTM,AP7 RSSI,AP8 FTM,AP8 RSSI
0.65,-0.41,15.69,308371,-67,135306,-36,308820,-69,280735,-71,328939,-75,282930,-60,218459,-55,303099,-71
0.66,-0.41,15.69,308368,-67,135307,-36,308832,-69,280732,-71,328960,-75,282955,-60,218427,-55,300750,-72
0.67,-0.41,15.69,308364,-67,135309,-36,308845,-69,280728,-71,328982,-75,282980,-60,218396,-55,310055,-72
0.68,-0.41,15.69,308361,-67,135310,-36,308856,-69,280725,-71,329003,-75,283006,-60,218364,-55,303638,-71
0.69,-0.41,15.69,308358,-67,135311,-36,308868,-69,280722,-71,329024,-75,283032,-60,218333,-55,305102,-72
0.72,-0.41,15.69,308348,-67,135313,-36,308904,-69,280712,-71,329088,-75,283109,-60,218237,-55,301850,-72
0.75,-0.41,15.69,308338,-67,135316,-36,308941,-69,280702,-71,329151,-75,283185,-60,218142,-55,313992,-72
0.76,-0.41,15.69,308335,-67,135317,-36,308953,-69,280699,-71,329173,-75,283210,-60,218111,-55,307811,-72
0.78,-0.41,15.69,308329,-67,135318,-36,308977,-69,280692,-71,329216,-75,283262,-60,218048,-55,316436,-72
0.79,-0.41,15.69,308326,-67,135319,-36,308989,-69,280689,-71,329237,-75,283287,-60,218016,-55,314102,-72
0.8,-0.41,15.69,308323,-67,135320,-36,309001,-69,280686,-71,329258,-75,283313,-60,217984,-55,304748,-72
0.82,-0.41,15.69,308316,-67,135322,-36,309025,-69,280680,-71,329301,-75,283364,-60,217922,-55,301719,-72
0.83,-0.41,15.69,308313,-67,135323,-36,309037,-69,280677,-71,329322,-75,283390,-61,217890,-55,299086,-72
0.84,-0.41,15.69,308309,-67,135324,-36,309049,-69,280673,-71,329344,-75,283415,-61,217858,-55,299726,-72
0.86,-0.41,15.69,308303,-67,135326,-36,309073,-69,280667,-71,329386,-75,283466,-61,217794,-55,300344,-71
0.87,-0.41,15.69,308300,-67,135327,-36,309085,-69,280663,-71,329408,-75,283492,-61,217764,-55,301723,-72
0.88,-0.41,15.69,308297,-67,135328,-36,309097,-69,280660,-71,329428,-75,283517,-61,217732,-55,310990,-72
0.89,-0.41,15.69,308293,-67,135329,-36,309109,-69,280657,-71,329449,-75,283543,-61,217700,-55,312687,-72
0.92,-0.41,15.69,308284,-67,135331,-36,309145,-69,280647,-71,329514,-76,283619,-61,217605,-55,301750,-72
0.93,-0.41,15.69,308280,-67,135332,-36,309157,-69,280644,-71,329535,-76,283645,-61,217573,-55,301125,-72
0.94,-0.41,15.69,308277,-67,135333,-36,309169,-69,280641,-71,329556,-76,283671,-61,217542,-55,303762,-72
0.95,-0.41,15.69,308274,-67,135334,-36,309182,-69,280638,-71,329577,-76,283696,-61,217510,-55,313178,-72
0.96,-0.41,15.69,308270,-67,135335,-36,309194,-69,280634,-71,329599,-76,283721,-61,217479,-55,313723,-72
0.97,-0.41,15.69,308267,-67,135336,-36,309206,-69,280631,-71,329620,-76,283747,-61,217447,-55,302283,-72
0.98,-0.41,15.69,308264,-67,135337,-36,309218,-69,280628,-71,329641,-76,283773,-61,217416,-55,313374,-72
0.99,-0.41,15.69,308261,-67,135338,-36,309230,-69,280624,-71,329663,-76,283798,-61,217384,-55,304060,-72
1.02,-0.41,15.69,308251,-67,135341,-36,309266,-69,280615,-71,329726,-76,283875,-61,217289,-55,295623,-72
1.03,-0.41,15.69,308247,-67,135342,-36,309278,-69,280611,-71,329747,-76,283901,-61,217257,-55,310794,-72
1.04,-0.41,15.69,308244,-67,135343,-36,309290,-69,280608,-71,329769,-76,283926,-61,217225,-55,302691,-72
1.05,-0.41,15.69,308241,-67,135344,-36,309302,-69,280605,-71,329791,-76,283951,-61,217194,-55,298624,-72
1.06,-0.41,15.69,308238,-67,135345,-36,309314,-69,280602,-71,329812,-76,283977,-61,217163,-55,297689,-72
1.08,-0.41,15.69,308232,-67,135346,-36,309338,-69,280596,-71,329854,-76,284028,-61,217099,-55,302248,-72
1.09,-0.41,15.69,308228,-67,135347,-36,309350,-69,280592,-71,329875,-76,284054,-61,217068,-55,300187,-72
1.1,-0.41,15.69,308225,-67,135348,-36,309362,-69,280589,-71,329896,-76,284079,-61,217036,-55,300187,-72
1.11,-0.41,15.69,308222,-67,135349,-36,309374,-69,280586,-71,329918,-76,284105,-61,217004,-55,300276,-72
1.12,-0.41,15.69,308218,-67,135350,-36,309386,-69,280582,-71,329939,-76,284130,-61,216973,-55,301693,-72
1.13,-0.41,15.69,308215,-67,135351,-36,309398,-69,280579,-71,329960,-76,284156,-61,216941,-55,301749,-72
1.14,-0.41,15.69,308212,-67,135352,-36,309411,-69,280576,-71,329982,-76,284182,-61,216909,-55,313131,-72
1.16,-0.41,15.69,308206,-67,135354,-36,309434,-69,280570,-71,330024,-76,284233,-61,216846,-55,303312,-72
1.17,-0.41,15.69,308202,-67,135355,-36,309446,-69,280566,-71,330046,-76,284258,-61,216815,-55,303312,-72
1.18,-0.41,15.69,308199,-67,135356,-36,309458,-69,280563,-71,330067,-76,284284,-61,216783,-55,313400,-72
1.19,-0.41,15.69,308196,-67,135357,-36,309471,-69,280560,-71,330089,-76,284309,-61,216752,-55,307421,-72
1.2,-0.41,15.69,308192,-67,135358,-36,309483,-69,280556,-71,330110,-76,284335,-61,216720,-55,304874,-71
1.21,-0.41,15.69,308189,-67,135359,-36,309494,-69,280553,-71,330131,-76,284361,-61,216688,-55,311007,-72
1.22,-0.41,15.69,308186,-67,135360,-36,309507,-69,280550,-71,330152,-76,284386,-61,216657,-55,311027,-72
1.24,-0.41,15.69,308180,-67,135361,-36,309531,-69,280544,-71,330195,-76,284437,-61,216593,-55,316207,-72
1.25,-0.41,15.69,308177,-67,135362,-36,309543,-69,280541,-71,330216,-76,284463,-61,216562,-55,317476,-72
1.26,-0.41,15.69,308173,-67,135363,-36,309555,-69,280537,-71,330237,-76,284488,-61,216530,-55,318937,-72
4.95,-0.41,15.69,306977,-67,135705,-36,314000,-70,279341,-70,338091,-76,293917,-62,204875,-54,319108,-72
4.96,-0.41,15.69,306973,-67,135706,-36,314012,-70,279338,-70,338112,-76,293943,-62,204434,-54,319108,-72
4.97,-0.41,15.69,306970,-67,135707,-36,314024,-70,279334,-70,338133,-76,293968,-62,203313,-54,319109,-72
4.98,-0.41,15.69,306967,-67,135708,-36,314036,-70,279331,-70,338155,-76,293994,-62,203312,-54,319109,-72
4.99,-0.41,15.69,306963,-67,135709,-36,314048,-70,279328,-70,338176,-76,294019,-62,203312,-55,319110,-72
5.03,-0.41,15.69,306951,-67,135713,-36,314096,-70,279315,-70,338261,-76,294122,-62,212687,-54,319112,-72
5.04,-0.41,15.69,306948,-67,135714,-36,314108,-70,279312,-70,338283,-76,294147,-62,212457,-54,319112,-72
5.05,-0.41,15.69,306945,-67,135715,-36,314120,-70,279309,-70,338304,-76,294173,-62,203180,-54,319113,-72
5.06,-0.41,15.69,306941,-67,135716,-36,314132,-70,279306,-70,338325,-76,294198,-62,199411,-54,319113,-72
5.07,-0.41,15.69,306938,-67,135717,-36,314144,-70,279302,-70,338346,-76,294224,-62,199751,-54,319114,-72
5.08,-0.41,15.69,306935,-67,135718,-36,314156,-70,279299,-70,338367,-76,294249,-62,200187,-54,319114,-72
5.1,-0.41,15.69,306928,-67,135719,-36,314180,-70,279293,-70,338410,-76,294301,-62,213253,-54,319115,-72
5.11,-0.41,15.69,306925,-67,135720,-36,314192,-70,279289,-70,338432,-76,294326,-62,212222,-54,319115,-72
5.12,-0.41,15.69,306921,-67,135721,-36,314204,-70,279286,-70,338453,-76,294351,-62,206104,-54,319116,-72
5.13,-0.41,15.69,306919,-67,135722,-36,314217,-70,279283,-70,338474,-76,294377,-62,204907,-54,319116,-72
5.19,-0.41,15.69,306898,-67,135728,-36,314289,-70,279263,-70,338602,-76,294530,-62,206410,-54,319119,-72
5.21,-0.41,15.69,306893,-67,135730,-36,314312,-70,279257,-70,338644,-76,294581,-62,213433,-54,319120,-72
5.22,-0.41,15.69,306889,-67,135731,-36,314325,-70,279253,-70,338665,-76,294607,-62,205733,-55,319121,-72
5.23,-0.41,15.69,306886,-67,135732,-36,314337,-70,279250,-70,338687,-76,294632,-62,201750,-55,319121,-72
5.25,-0.41,15.69,306879,-67,135733,-36,314361,-70,279244,-70,338730,-76,294684,-62,201750,-54,319122,-72
5.26,-0.41,15.69,306876,-67,135734,-36,314373,-70,279241,-70,338751,-76,294710,-62,202056,-54,319122,-72
5.29,-0.41,15.69,306866,-67,135737,-36,314409,-70,279231,-70,338815,-76,294786,-62,204749,-55,319124,-72
5.31,-0.41,15.69,306860,-67,135738,-36,314433,-70,279224,-70,338857,-76,294837,-62,204074,-54,319125,-72
5.32,-0.41,15.69,306857,-67,135739,-36,314445,-70,279222,-70,338879,-76,294862,-62,211378,-54,319125,-72
5.33,-0.41,15.69,306854,-67,135740,-36,314457,-70,279218,-70,338899,-76,294889,-62,201750,-55,319126,-72
5.34,-0.41,15.69,306850,-67,135741,-36,314469,-70,279215,-70,338921,-76,294914,-62,201750,-54,319126,-72
5.35,-0.41,15.69,306846,-67,135742,-36,314481,-70,279211,-70,338942,-76,294940,-62,201750,-55,319127,-72
5.36,-0.41,15.69,306844,-67,135743,-36,314493,-70,279208,-70,338964,-76,294965,-62,202965,-55,319127,-72
5.37,-0.41,15.69,306841,-67,135744,-36,314506,-70,279205,-70,338985,-76,294990,-62,203313,-55,319128,-72
5.4,-0.41,15.69,306831,-67,135747,-36,314541,-70,279196,-70,339049,-76,295067,-62,199193,-54,319129,-72
5.41,-0.41,15.69,306828,-67,135748,-36,314553,-70,279192,-70,339070,-76,295093,-62,200187,-54,319129,-72
5.42,-0.41,15.69,306824,-67,135749,-36,314566,-70,279189,-70,339091,-76,295118,-62,200187,-54,319130,-72
5.43,-0.41,15.69,306821,-67,135750,-36,314578,-70,279186,-70,339113,-76,295144,-62,200368,-54,319130,-72
5.44,-0.41,15.69,306817,-67,135751,-36,314590,-70,279182,-70,339134,-76,295169,-62,201608,-54,319131,-72
5.46,-0.41,15.69,306811,-67,135752,-36,314614,-70,279176,-70,339176,-76,295220,-62,204964,-54,319132,-72
5.47,-0.41,15.69,306808,-67,135753,-36,314626,-70,279172,-70,339198,-76,295246,-62,210647,-54,319132,-72
5.48,-0.41,15.69,306805,-67,135754,-36,314638,-70,279170,-70,339219,-76,295272,-62,201486,-54,319133,-72
5.49,-0.41,15.69,306801,-67,135755,-36,314650,-70,279166,-70,339240,-76,295297,-62,197273,-54,319133,-72
5.5,-0.41,15.69,306798,-67,135756,-36,314662,-70,279163,-70,339261,-76,295322,-62,195754,-54,319134,-72
5.51,-0.41,15.69,306795,-67,135757,-36,314674,-70,279160,-70,339283,-76,295348,-62,196650,-54,319134,-72
5.52,-0.41,15.69,306792,-67,135758,-36,314686,-70,279157,-70,339304,-76,295374,-62,206016,-54,319135,-72
5.53,-0.41,15.69,306789,-67,135759,-36,314698,-70,279154,-70,339326,-76,295399,-62,201773,-54,319135,-72
5.55,-0.41,15.69,306782,-67,135760,-36,314722,-70,279147,-70,339368,-76,295450,-62,210182,-54,319136,-72
5.56,-0.41,15.69,306779,-67,135761,-36,314735,-70,279144,-70,339389,-76,295476,-62,206196,-54,319136,-72
5.57,-0.41,15.69,306775,-67,135762,-36,314746,-70,279140,-70,339411,-76,295501,-62,196680,-54,319137,-72
5.58,-0.41,15.69,306773,-67,135763,-36,314759,-70,279137,-70,339432,-76,295527,-62,196541,-54,319137,-72
5.59,-0.41,15.69,306769,-67,135764,-36,314770,-70,279133,-70,339453,-76,295553,-62,203615,-54,319138,-72
5.61,-0.41,15.69,306763,-67,135766,-36,314794,-70,279127,-70,339496,-76,295603,-62,199503,-54,319138,-72
5.62,-0.41,15.69,306759,-67,135767,-36,314807,-70,279124,-70,339517,-76,295629,-62,205760,-54,319139,-72
5.63,-0.41,15.69,306757,-67,135768,-36,314819,-70,279121,-70,339538,-76,295654,-62,197063,-54,319140,-72
5.64,-0.41,15.69,306753,-67,135769,-36,314830,-70,279117,-70,339560,-76,295680,-62,197063,-54,319140,-72
5.65,-0.41,15.69,306750,-67,135770,-36,314843,-70,279114,-70,339581,-76,295706,-62,207584,-54,319141,-72
9.24,-0.41,15.69,305585,-67,136103,-36,319167,-71,277950,-70,347222,-76,307606,-63,208896,-54,319307,-72
9.25,-0.41,15.69,305582,-67,136104,-36,319179,-71,277948,-70,347243,-76,320454,-64,208894,-54,319307,-72
9.26,-0.41,15.69,305579,-67,136105,-36,319191,-71,277944,-70,347265,-76,317423,-64,208892,-54,319308,-72
9.27,-0.41,15.69,305576,-67,136106,-36,319203,-71,277941,-70,347285,-76,308051,-64,208890,-54,319308,-72
9.28,-0.41,15.69,305573,-67,136107,-36,319215,-71,277938,-70,347306,-76,316676,-64,208889,-54,319309,-72
9.3,-0.41,15.69,305566,-67,136108,-36,319239,-71,277931,-70,347349,-76,307997,-64,208885,-54,319310,-72
9.76,-0.41,15.69,305417,-67,136151,-37,319793,-71,277783,-69,348329,-77,306444,-64,208799,-54,319331,-72
9.8,-0.41,15.69,305404,-67,136155,-37,319841,-71,277770,-69,348414,-77,317563,-64,208792,-54,319333,-72
9.82,-0.41,15.69,305397,-67,136156,-37,319865,-71,277763,-69,348456,-77,305477,-64,208788,-54,319334,-72
9.83,-0.41,15.69,305394,-67,136157,-37,319878,-71,277760,-69,348477,-77,306437,-64,208786,-54,319334,-72
9.84,-0.41,15.69,305391,-67,136158,-37,319890,-71,277756,-69,348498,-77,306437,-64,208784,-54,319335,-72
9.85,-0.41,15.69,305388,-67,136159,-37,319901,-71,277753,-69,348520,-77,306350,-64,208782,-54,319335,-72
9.86,-0.41,15.69,305384,-67,136160,-37,319914,-71,277749,-69,348541,-77,303568,-63,208780,-54,319336,-72
9.89,-0.41,15.69,305375,-67,136163,-37,319950,-71,277740,-69,348605,-77,308247,-63,208774,-54,319337,-72
9.9,-0.41,15.69,305372,-67,136164,-37,319961,-71,277737,-69,348626,-77,317302,-64,208773,-54,319337,-72
9.92,-0.41,15.69,305365,-67,136166,-37,319986,-71,277731,-69,348669,-77,315965,-64,208769,-54,319339,-72
13.57,-0.41,15.69,304182,-67,136504,-37,324382,-71,276547,-69,356537,-77,312940,-64,208090,-54,319508,-72
13.58,-0.41,15.69,304178,-67,136505,-37,324394,-71,276544,-69,360550,-77,312932,-64,208088,-54,319508,-72
13.59,-0.41,15.69,304175,-67,136506,-37,324406,-72,276541,-69,354424,-77,312924,-64,208087,-54,319509,-72
13.6,-0.41,15.69,304172,-67,136507,-37,324418,-72,276538,-69,355502,-78,312916,-64,208085,-54,319509,-72
13.62,-0.41,15.69,304165,-67,136509,-37,324443,-72,276531,-69,368846,-77,312900,-64,208081,-54,319510,-72
13.63,-0.41,15.69,304162,-67,136510,-37,324454,-72,276527,-69,363450,-78,312892,-64,208079,-54,319511,-72
13.64,-0.41,15.69,304159,-67,136511,-37,324467,-72,276525,-69,361562,-78,312885,-64,208078,-54,319511,-72
13.66,-0.41,15.69,304153,-67,136513,-37,324491,-72,276519,-69,367159,-77,312869,-64,208074,-54,319512,-72
13.68,-0.41,15.69,304146,-67,136514,-37,324515,-72,276512,-69,372665,-78,312853,-64,208070,-54,319513,-72
13.69,-0.41,15.69,304142,-67,136515,-37,324527,-72,276508,-69,369462,-78,312845,-64,208068,-54,319513,-72
13.71,-0.41,15.69,304136,-67,136517,-37,324551,-72,276502,-69,357116,-78,312830,-64,208065,-54,319514,-72
13.72,-0.41,15.69,304133,-67,136518,-37,324563,-72,276498,-69,369358,-78,312822,-64,208062,-54,319515,-72
13.73,-0.41,15.69,304130,-67,136519,-37,324575,-72,276496,-69,361926,-77,312814,-64,208060,-54,319515,-72
13.74,-0.41,15.69,304126,-67,136520,-37,324587,-72,276492,-69,368198,-78,312806,-64,208059,-54,319516,-72
13.75,-0.41,15.69,304123,-67,136521,-37,324599,-72,276489,-69,372063,-78,312798,-64,208057,-54,319516,-72
13.77,-0.41,15.69,304116,-67,136523,-37,324623,-72,276482,-69,361628,-78,312783,-64,208053,-54,319517,-72
13.79,-0.41,15.69,304110,-67,136525,-37,324647,-72,276476,-69,371886,-78,312767,-64,208050,-54,319518,-72
13.8,-0.41,15.69,304107,-67,136526,-37,324659,-72,276473,-69,371697,-79,312758,-64,208048,-54,319519,-72
13.82,-0.41,15.69,304101,-67,136527,-37,324683,-72,276467,-69,376750,-78,312743,-64,208044,-54,319519,-72
13.83,-0.41,15.69,304097,-67,136528,-37,324695,-72,276463,-69,377972,-78,312735,-64,208042,-54,319520,-72
13.84,-0.41,15.69,304094,-67,136529,-37,324708,-72,276460,-69,373975,-77,312727,-64,208040,-54,319520,-72
13.85,-0.41,15.69,304091,-68,136530,-37,324720,-72,276456,-69,359638,-77,312719,-64,208039,-54,319521,-72
13.86,-0.41,15.69,304088,-68,136531,-37,324731,-72,276453,-69,370561,-78,312712,-64,208037,-54,319521,-72
13.88,-0.41,15.69,304081,-68,136533,-37,324756,-72,276447,-69,376279,-77,312695,-64,208032,-54,319522,-72
13.89,-0.41,15.69,304078,-68,136534,-37,324768,-72,276444,-69,382350,-77,312688,-64,208031,-54,319523,-72
13.9,-0.41,15.69,304075,-68,136535,-37,324780,-72,276441,-69,378061,-78,312680,-64,208029,-54,319523,-72
13.92,-0.41,15.69,304068,-68,136537,-37,324803,-72,276434,-69,366018,-78,312664,-64,208025,-54,319524,-72
13.93,-0.41,15.69,304065,-68,136538,-37,324816,-72,276431,-69,372570,-78,312656,-64,208023,-54,319524,-72
13.94,-0.41,15.69,304062,-68,136539,-37,324828,-72,276428,-69,374808,-78,312648,-64,208021,-54,319525,-72
13.95,-0.41,15.69,304058,-68,136540,-37,324840,-72,276424,-69,364388,-78,312640,-64,208020,-54,319525,-72
13.98,-0.41,15.69,304049,-68,136542,-37,324876,-72,276415,-69,379391,-77,312617,-64,208014,-54,319527,-72
13.99,-0.41,15.69,304045,-68,136543,-37,324888,-72,276411,-69,375848,-77,312609,-64,208013,-54,319527,-72
14,-0.41,15.69,304042,-68,136544,-37,324900,-72,276408,-69,365962,-78,312601,-64,208011,-54,319528,-72
14.01,-0.41,15.69,304039,-68,136545,-37,324913,-72,276405,-69,367204,-78,312594,-64,208009,-54,319528,-72
14.03,-0.41,15.69,304033,-68,136547,-37,324936,-72,276399,-69,360153,-77,312577,-64,208005,-54,319529,-72
14.04,-0.41,15.69,304029,-68,136548,-37,324948,-72,276395,-69,372916,-77,312570,-64,208003,-54,319530,-72
14.05,-0.41,15.69,304026,-68,136549,-37,324961,-72,276392,-69,369070,-77,312562,-64,208001,-54,319530,-72
14.07,-0.41,15.69,304019,-68,136551,-37,324984,-72,276385,-69,362757,-77,312546,-64,207997,-54,319531,-72
14.08,-0.41,15.69,304016,-68,136552,-37,324996,-72,276382,-69,367686,-77,312538,-64,207995,-54,319531,-72
14.09,-0.41,15.69,304013,-68,136553,-37,325008,-72,276379,-69,368938,-77,312530,-64,207994,-54,319532,-72
14.1,-0.41,15.69,304009,-68,136554,-37,325020,-72,276375,-69,367935,-77,312522,-64,207992,-54,319532,-72
14.12,-0.41,15.69,304003,-68,136555,-37,325045,-72,276369,-69,375185,-78,312506,-64,207988,-54,319533,-72
17.77,-0.41,15.69,302819,-68,136893,-37,329441,-72,277369,-68,372657,-78,309633,-64,207310,-54,319702,-72
17.78,-0.41,15.69,302817,-68,136895,-37,329453,-72,283351,-69,372650,-78,309625,-64,207308,-54,319703,-72
17.79,-0.41,15.69,302813,-68,136896,-37,329465,-72,272063,-68,372644,-78,309617,-64,207306,-54,319703,-72
17.8,-0.41,15.69,302810,-68,136897,-37,329477,-72,272062,-68,372637,-78,309609,-64,207303,-54,319704,-72
17.81,-0.41,15.69,302807,-68,136898,-37,329489,-72,272062,-68,372630,-78,309601,-64,207302,-54,319704,-72
17.83,-0.41,15.69,302801,-68,136899,-37,329514,-72,274846,-68,372616,-78,309585,-64,207298,-54,319705,-72
17.84,-0.41,15.69,302797,-68,136900,-37,329525,-72,272288,-68,372610,-78,309578,-64,207296,-54,319706,-72
17.85,-0.41,15.69,302794,-68,136901,-37,329537,-72,289303,-69,372602,-78,309569,-64,207294,-54,319706,-72
17.86,-0.41,15.69,302791,-68,136902,-37,329550,-72,280936,-68,372595,-78,309561,-64,207292,-54,319707,-72
17.87,-0.41,15.69,302787,-68,136903,-37,329561,-72,278312,-69,372589,-78,309554,-64,207291,-54,319707,-72
17.89,-0.41,15.69,302781,-68,136904,-37,329586,-72,288354,-69,372575,-78,309538,-64,207287,-54,319708,-72
17.9,-0.41,15.69,302777,-68,136905,-37,329598,-72,285838,-69,372568,-78,309530,-64,207285,-54,319708,-72
17.91,-0.41,15.69,302774,-68,136906,-37,329610,-72,282120,-68,372561,-78,309523,-64,207283,-54,319709,-72
17.92,-0.41,15.69,302770,-68,136907,-37,329622,-72,290219,-68,372554,-78,309515,-64,207282,-54,319709,-72
17.93,-0.41,15.69,302768,-68,136908,-37,329634,-72,282464,-68,372547,-78,309507,-64,207280,-54,319710,-72
17.94,-0.41,15.69,302765,-68,136909,-37,329646,-72,296942,-69,372540,-78,309499,-64,207278,-54,319710,-72
17.95,-0.41,15.69,302761,-68,136911,-37,329658,-72,294307,-68,372533,-78,309491,-64,207276,-54,319711,-72
17.98,-0.41,15.69,302751,-68,136913,-37,329694,-72,280312,-68,372512,-78,309468,-64,207271,-54,319712,-72
17.99,-0.41,15.69,302748,-68,136914,-37,329706,-72,282961,-68,372505,-78,309459,-64,207268,-54,319713,-72
18,-0.41,15.69,302745,-68,136915,-37,329718,-72,295304,-68,372498,-78,309451,-64,207266,-54,319713,-72
18.01,-0.41,15.69,302742,-68,136916,-37,329730,-72,285253,-68,372491,-78,309443,-64,207264,-54,319714,-72
18.02,-0.41,15.69,302739,-68,136917,-37,329742,-72,288890,-68,372485,-78,309436,-64,207262,-54,319714,-72
18.03,-0.41,15.69,302736,-68,136918,-37,329754,-72,282025,-68,372478,-78,309428,-64,207261,-54,319715,-72
18.05,-0.41,15.69,302729,-68,136919,-37,329778,-72,290812,-68,372463,-78,309412,-64,207257,-54,319715,-72
18.06,-0.41,15.69,302726,-68,136920,-37,329790,-72,285407,-68,372457,-78,309404,-64,207255,-54,319716,-72
18.07,-0.41,15.69,302722,-68,136921,-37,329802,-72,275555,-68,372450,-78,309397,-64,207254,-54,319716,-72
18.08,-0.41,15.69,302719,-68,136922,-37,329814,-72,276898,-68,372443,-78,309388,-64,207252,-54,319717,-72
18.09,-0.41,15.69,302716,-68,136923,-37,329826,-72,278244,-68,372436,-78,309380,-64,207250,-54,319717,-72
18.1,-0.41,15.69,302712,-68,136924,-37,329838,-72,289851,-68,372430,-78,309373,-64,207248,-54,319718,-72
18.13,-0.41,15.69,302703,-68,136927,-37,329874,-72,279601,-68,372409,-78,309350,-64,207243,-54,319719,-72
18.14,-0.41,15.69,302700,-68,136928,-37,329887,-72,285321,-68,372401,-78,309341,-64,207241,-54,319719,-72
18.15,-0.41,15.69,302696,-68,136929,-37,329899,-72,274927,-68,372395,-78,309333,-64,207238,-54,319720,-72
18.16,-0.41,15.69,302693,-68,136930,-37,329911,-72,276051,-68,372388,-78,309326,-64,207236,-54,319721,-72
18.17,-0.41,15.69,302690,-68,136931,-37,329923,-72,276750,-68,372380,-78,309318,-64,207235,-54,319721,-72
18.18,-0.41,15.69,302686,-68,136932,-37,329935,-72,284878,-68,372373,-78,309310,-64,207233,-54,319722,-72
18.2,-0.41,15.69,302680,-68,136933,-37,329959,-72,285317,-68,372360,-78,309294,-64,207229,-54,319722,-72
18.21,-0.41,15.69,302677,-68,136934,-37,329971,-72,277895,-68,372353,-78,309286,-64,207227,-54,319723,-72
18.23,-0.41,15.69,302670,-68,136936,-37,329995,-72,275444,-68,372339,-78,309271,-64,207224,-54,319724,-72
18.24,-0.41,15.69,302667,-68,136937,-37,330008,-72,277170,-68,372333,-78,309263,-64,207222,-54,319724,-72
18.25,-0.41,15.69,302664,-68,136938,-37,330019,-72,284861,-68,372325,-78,309254,-64,207220,-54,319725,-72
18.28,-0.41,15.69,302654,-68,136941,-37,330055,-72,290186,-68,372305,-78,309231,-64,207215,-54,319726,-72
18.29,-0.41,15.69,302651,-68,136942,-37,330067,-72,274755,-68,372298,-78,309224,-64,207213,-54,319727,-72
18.31,-0.41,15.69,302645,-68,136944,-37,330091,-72,273625,-68,372284,-78,309208,-64,207209,-54,319728,-72
18.32,-0.41,15.69,302641,-68,136945,-37,330103,-72,283503,-68,372277,-78,309200,-64,207207,-54,319728,-72
18.33,-0.41,15.69,302638,-68,136946,-37,330115,-72,286742,-68,372270,-78,309192,-64,207205,-54,319729,-72
18.35,-0.41,15.69,302631,-68,136947,-37,330140,-72,276750,-68,372256,-78,309176,-64,207201,-54,319729,-72
18.36,-0.41,15.69,302628,-68,136948,-37,330152,-72,276750,-68,372249,-78,309168,-64,207199,-54,319730,-72
18.37,-0.41,15.69,302625,-68,136949,-37,330164,-72,276750,-68,372242,-78,309160,-64,207198,-54,319730,-72
18.38,-0.41,15.69,302621,-68,136950,-37,330176,-72,276750,-68,372235,-78,309152,-64,207196,-54,319731,-72
18.39,-0.41,15.69,302619,-68,136951,-37,330188,-72,277442,-68,372228,-78,309144,-64,207194,-54,319731,-72
18.4,-0.41,15.69,302615,-68,136952,-37,330200,-72,285258,-68,372222,-78,309137,-64,207192,-54,319732,-72
22.02,-0.41,15.69,301441,-68,137288,-38,334560,-73,284451,-68,369715,-78,306286,-64,206519,-54,319899,-72
22.03,-0.41,15.69,301438,-68,137289,-38,325263,-73,284446,-68,369708,-78,306278,-64,206518,-54,319900,-72
22.04,-0.41,15.69,301435,-68,137290,-38,328689,-73,284441,-68,369701,-78,306271,-64,206515,-54,319901,-72
22.06,-0.41,15.69,301429,-68,137291,-38,324889,-73,284432,-68,369687,-78,306254,-64,206511,-54,319901,-72
22.07,-0.41,15.69,301426,-68,137292,-38,333921,-73,284428,-68,369680,-78,306247,-64,206509,-54,319902,-72
22.1,-0.41,15.69,301416,-68,137295,-38,325878,-73,284414,-68,369659,-78,306223,-64,206504,-54,319903,-72
22.11,-0.41,15.69,301412,-68,137296,-38,320047,-73,284409,-68,369653,-78,306215,-64,206502,-54,319903,-72
22.12,-0.41,15.69,301409,-68,137297,-38,322829,-73,284404,-68,369645,-78,306207,-64,206500,-54,319904,-72
22.16,-0.41,15.69,301396,-68,137301,-38,331247,-73,284386,-68,369618,-78,306176,-64,206493,-54,319906,-72
22.18,-0.41,15.69,301390,-68,137303,-38,331437,-73,284376,-68,369604,-78,306160,-64,206490,-54,319907,-72
22.19,-0.41,15.69,301387,-68,137304,-38,332384,-72,284372,-68,369597,-78,306153,-64,206488,-54,319907,-72
22.21,-0.41,15.69,301380,-68,137305,-38,328648,-73,284363,-68,369583,-78,306137,-64,206484,-54,319908,-72
22.22,-0.41,15.69,301376,-68,137306,-38,320108,-72,284358,-68,369576,-78,306129,-64,206482,-54,319908,-72
22.23,-0.41,15.69,301373,-68,137307,-38,319186,-72,284353,-68,369570,-78,306121,-64,206480,-54,319909,-72
22.24,-0.41,15.69,301370,-68,137308,-38,323954,-73,284349,-68,369563,-78,306113,-64,206478,-54,319910,-72
22.26,-0.41,15.69,301364,-68,137310,-38,313344,-73,284340,-68,369549,-78,306097,-64,206474,-54,319910,-72
22.27,-0.41,15.69,301361,-68,137311,-38,315907,-73,284335,-68,369542,-78,306089,-64,206472,-54,319911,-72
22.28,-0.41,15.69,301357,-68,137312,-38,318598,-73,284331,-68,369535,-78,306081,-64,206471,-54,319911,-72
22.29,-0.41,15.69,301354,-68,137313,-38,317374,-73,284326,-68,369528,-78,306073,-64,206469,-54,319912,-72
22.3,-0.41,15.69,301351,-68,137314,-38,317604,-73,284322,-68,369521,-78,306065,-64,206467,-54,319912,-72
22.31,-0.41,15.69,301347,-68,137315,-38,320286,-73,284316,-68,369515,-78,306058,-64,206465,-54,319913,-72
22.32,-0.41,15.69,301345,-68,137316,-38,315364,-72,284312,-68,369507,-78,306050,-64,206463,-54,319913,-72
22.33,-0.41,15.69,301341,-68,137317,-38,326324,-73,284307,-68,369500,-78,306042,-64,206462,-54,319914,-72
22.34,-0.41,15.69,301338,-68,137318,-38,321381,-73,284303,-68,369493,-78,306034,-64,206460,-54,319914,-72
22.35,-0.41,15.69,301335,-68,137319,-38,316689,-72,284298,-68,369487,-78,306026,-64,206458,-54,319915,-72
22.37,-0.41,15.69,301328,-68,137320,-38,318086,-73,284289,-68,369472,-78,306011,-64,206454,-54,319915,-72
22.38,-0.41,15.69,301325,-68,137321,-38,319915,-73,284284,-68,369465,-78,306003,-64,206452,-54,319916,-72
22.39,-0.41,15.69,301322,-68,137322,-38,320499,-73,284279,-68,369458,-78,305995,-64,206450,-54,319917,-72
22.41,-0.41,15.69,301315,-68,137323,-38,318937,-73,284270,-68,369445,-78,305979,-64,206446,-54,319917,-72
22.42,-0.41,15.69,301312,-68,137324,-38,320309,-73,284266,-68,369438,-78,305971,-64,206444,-54,319918,-72
22.44,-0.41,15.69,301306,-68,137327,-38,328277,-72,284257,-68,369424,-78,305955,-64,206441,-54,319919,-72
22.47,-0.41,15.69,301296,-68,137330,-38,326851,-72,284243,-68,369404,-78,305932,-64,206435,-54,319920,-72
22.48,-0.41,15.69,301292,-68,137331,-38,318768,-73,284238,-68,369396,-78,305924,-64,206434,-54,319921,-72
22.5,-0.41,15.69,301286,-68,137332,-38,324906,-72,284229,-68,369383,-78,305908,-64,206430,-54,319921,-72
22.51,-0.41,15.69,301282,-68,137333,-38,315812,-73,284224,-68,369376,-78,305900,-64,206428,-54,319922,-72
22.52,-0.41,15.69,301279,-68,137334,-38,316416,-72,284219,-68,369369,-78,305892,-64,206426,-54,319922,-72
22.53,-0.41,15.69,301276,-68,137335,-38,318380,-73,284214,-68,369362,-78,305884,-64,206425,-54,319923,-72
22.54,-0.41,15.69,301273,-68,137336,-38,323625,-72,284210,-68,369355,-78,305877,-64,206422,-54,319924,-72
22.55,-0.41,15.69,301269,-68,137337,-38,330024,-73,284205,-68,369348,-78,305869,-64,206420,-54,319924,-72
22.57,-0.41,15.69,301263,-68,137338,-38,322825,-72,284196,-68,369334,-78,305853,-64,206416,-54,319925,-72
22.58,-0.41,15.69,301260,-68,137339,-38,314931,-73,284192,-68,369327,-78,305845,-64,206415,-54,319925,-72
22.63,-0.41,15.69,301244,-68,137344,-38,329245,-72,284169,-68,369293,-78,305806,-64,206405,-54,319928,-72
22.64,-0.41,15.69,301240,-68,137345,-38,330891,-72,284164,-68,369286,-78,305798,-64,206404,-54,319928,-72
22.66,-0.41,15.69,301234,-68,137347,-38,318940,-72,284155,-68,369272,-78,305783,-64,206400,-54,319929,-72
26.33,-0.41,15.69,300044,-68,137687,-38,321657,-72,282457,-68,366731,-78,302893,-64,205718,-54,320099,-72
26.34,-0.41,15.69,300040,-68,139179,-38,321664,-72,282452,-68,366724,-78,302885,-64,205716,-54,320100,-72
26.35,-0.41,15.69,300037,-68,148526,-38,321672,-72,282447,-68,366717,-78,302877,-64,205714,-54,320100,-72
26.36,-0.41,15.69,300034,-68,150018,-38,321679,-72,282443,-68,366710,-78,302869,-64,205712,-54,320101,-72
26.37,-0.41,15.69,300031,-68,148853,-38,321686,-72,282439,-68,366703,-78,302861,-64,205710,-54,320101,-72
26.39,-0.41,15.69,300024,-68,137867,-38,321701,-72,282429,-68,366689,-78,302845,-64,205706,-54,320102,-72
26.4,-0.41,15.69,300021,-68,149431,-38,321709,-72,282424,-68,366682,-78,302837,-64,205704,-54,320102,-72
26.41,-0.41,15.69,300018,-68,148755,-38,321715,-72,282419,-68,366676,-78,302830,-64,205702,-54,320103,-72
26.42,-0.41,15.69,300015,-68,148625,-38,321723,-72,282415,-68,366668,-78,302822,-64,205700,-54,320103,-72
26.43,-0.41,15.69,300012,-68,150907,-38,321731,-72,282410,-68,366662,-78,302813,-64,205699,-54,320104,-72
26.44,-0.41,15.69,300008,-68,141873,-38,321738,-72,282406,-68,366655,-78,302806,-64,205697,-54,320104,-72
26.46,-0.41,15.69,300002,-68,136830,-38,321753,-72,282397,-68,366641,-78,302790,-64,205693,-54,320105,-72
26.47,-0.41,15.69,299999,-68,137137,-38,321760,-72,282392,-68,366634,-78,302782,-64,205691,-54,320105,-72
26.48,-0.41,15.69,299995,-68,136456,-38,321768,-72,282388,-68,366627,-78,302774,-64,205690,-54,320106,-72
26.49,-0.41,15.69,299992,-68,138644,-38,321776,-72,282383,-68,366620,-78,302766,-64,205688,-54,320107,-72
26.5,-0.41,15.69,299989,-68,150187,-38,321783,-72,282378,-68,366613,-78,302758,-64,205686,-54,320107,-72
26.51,-0.41,15.69,299985,-68,150187,-38,321790,-72,282373,-68,366606,-78,302751,-64,205684,-54,320108,-72
26.52,-0.41,15.69,299982,-68,150187,-38,321798,-72,282369,-68,366599,-78,302742,-64,205682,-54,320108,-72
26.54,-0.41,15.69,299976,-68,148624,-38,321812,-72,282360,-68,366585,-78,302727,-64,205679,-54,320109,-72
26.55,-0.41,15.69,299973,-68,148626,-38,321819,-72,282355,-68,366578,-78,302719,-64,205677,-54,320109,-72
26.56,-0.41,15.69,299969,-68,150088,-38,321826,-72,282350,-68,366571,-78,302712,-64,205675,-54,320110,-72
26.57,-0.41,15.69,299966,-68,138431,-38,321835,-72,282346,-68,366564,-78,302703,-64,205673,-54,320110,-72
26.58,-0.41,15.69,299963,-68,146484,-38,321842,-72,282341,-68,366558,-78,302695,-64,205671,-54,320111,-72
26.59,-0.41,15.69,299960,-68,142789,-38,321849,-72,282336,-68,366551,-78,302688,-64,205669,-54,320111,-72
26.61,-0.41,15.69,299953,-68,144444,-38,321864,-72,282327,-68,366537,-78,302672,-64,205665,-54,320112,-72
26.62,-0.41,15.69,299950,-68,136124,-38,321871,-72,282323,-68,366530,-78,302664,-64,205663,-54,320112,-72
26.63,-0.41,15.69,299946,-68,136447,-38,321878,-72,282318,-68,366523,-78,302656,-64,205662,-54,320113,-72
26.64,-0.41,15.69,299943,-68,139978,-38,321886,-72,282313,-68,366516,-78,302648,-64,205660,-54,320113,-72
26.65,-0.41,15.69,299940,-68,149859,-38,321893,-72,282309,-68,366509,-78,302641,-64,205658,-54,320114,-72
26.66,-0.41,15.69,299937,-68,139810,-38,321901,-72,282304,-68,366502,-78,302632,-64,205656,-54,320115,-72
26.67,-0.41,15.69,299934,-68,136618,-38,321909,-72,282300,-68,366495,-78,302624,-64,205654,-54,320115,-72
26.69,-0.41,15.69,299928,-68,138975,-38,321923,-72,282290,-68,366481,-78,302609,-64,205651,-54,320116,-72
26.7,-0.41,15.69,299924,-68,149927,-38,321931,-72,282285,-68,366474,-78,302601,-64,205649,-54,320116,-72
26.71,-0.41,15.69,299921,-68,150187,-38,321938,-72,282281,-68,366468,-78,302593,-64,205647,-54,320117,-72
26.72,-0.41,15.69,299917,-68,148868,-38,321945,-72,282277,-68,366461,-78,302585,-64,205645,-54,320117,-72
26.73,-0.41,15.69,299914,-68,139147,-38,321953,-72,282271,-68,366454,-78,302577,-64,205643,-54,320118,-72
26.74,-0.41,15.69,299911,-68,137110,-38,321960,-72,282267,-68,366447,-78,302569,-64,205641,-54,320118,-72
26.76,-0.41,15.69,299905,-68,144734,-38,321975,-72,282258,-68,366433,-78,302554,-64,205637,-54,320119,-72
26.77,-0.41,15.69,299901,-68,137687,-38,321982,-72,282253,-68,366426,-78,302546,-64,205635,-54,320119,-72
26.78,-0.41,15.69,299898,-68,137687,-38,321990,-72,282249,-68,366419,-78,302538,-64,205634,-54,320120,-72
26.79,-0.41,15.69,299895,-68,137866,-38,321997,-72,282244,-68,366412,-78,302530,-63,205632,-54,320121,-72
26.8,-0.41,15.69,299891,-68,148363,-38,322005,-72,282239,-68,366405,-78,302522,-63,205630,-54,320121,-72
26.81,-0.41,15.69,299888,-68,137101,-38,322012,-72,282234,-68,366399,-78,302515,-63,205628,-54,320121,-72
26.82,-0.41,15.69,299885,-68,136125,-38,322019,-72,282230,-68,366391,-78,302506,-63,205626,-54,320122,-72
26.84,-0.41,15.69,299879,-68,138710,-38,322034,-72,282221,-68,366377,-78,302491,-63,205623,-54,320123,-72
26.85,-0.41,15.69,299875,-68,148301,-38,322042,-72,282216,-68,366371,-78,302483,-63,205621,-54,320123,-72
26.86,-0.41,15.69,299872,-68,136509,-38,322049,-72,282211,-68,366364,-78,302475,-63,205619,-54,320124,-72
26.87,-0.41,15.69,299869,-68,136124,-38,322056,-72,282207,-68,366357,-78,302467,-63,205617,-54,320124,-72
26.88,-0.41,15.69,299865,-68,136124,-38,322064,-72,282203,-68,366350,-78,302459,-63,205616,-54,320125,-72
26.89,-0.41,15.69,299862,-68,136125,-38,322071,-72,282198,-68,366343,-78,302451,-63,205614,-54,320125,-72
26.91,-0.41,15.69,299856,-68,144262,-38,322086,-72,282188,-68,366329,-78,302435,-63,205609,-54,320126,-72
26.92,-0.41,15.69,299853,-68,137687,-38,322093,-72,282184,-68,366323,-78,302428,-63,205607,-54,320126,-72
26.93,-0.41,15.69,299849,-68,137687,-38,322101,-72,282179,-68,366316,-78,302420,-63,205606,-54,320127,-72
26.94,-0.41,15.69,299846,-68,137423,-38,322108,-72,282174,-68,366309,-78,302412,-63,205604,-54,320127,-72
26.95,-0.41,15.69,299843,-68,136124,-38,322115,-72,282170,-68,366302,-78,302404,-63,205602,-54,320128,-72
26.96,-0.41,15.69,299839,-68,136124,-38,322123,-72,282165,-68,366295,-78,302396,-63,205600,-54,320128,-72
26.98,-0.41,15.69,299833,-68,137687,-38,322138,-72,282156,-68,366281,-78,302381,-63,205597,-54,320129,-72
26.99,-0.41,15.69,299830,-68,137511,-38,322145,-72,282151,-68,366274,-78,302373,-63,205595,-54,320130,-72
27,-0.41,15.69,299827,-68,136153,-38,322153,-72,282147,-68,366267,-78,302365,-63,205593,-54,320130,-72
27.01,-0.41,15.69,299823,-68,137534,-38,322160,-72,282142,-68,366260,-78,302357,-63,205591,-54,320131,-72
27.02,-0.41,15.69,299820,-68,147515,-38,322167,-72,282137,-68,366253,-78,302349,-63,205589,-54,320131,-72
27.03,-0.41,15.69,299817,-68,149104,-38,322175,-72,282133,-68,366246,-78,302341,-63,205588,-54,320132,-72
30.71,-0.41,15.69,304779,-68,145546,-38,324899,-72,280430,-68,363698,-78,299443,-63,204903,-54,320302,-72
30.72,-0.41,15.69,312688,-68,145538,-38,324906,-72,280426,-68,363691,-78,299436,-63,204901,-54,320302,-72
30.74,-0.41,15.69,312530,-68,145521,-38,324921,-72,280416,-68,363677,-78,299420,-63,204898,-54,320304,-72
30.75,-0.41,15.69,311136,-69,145513,-38,324928,-72,280412,-68,363670,-78,299412,-63,204896,-54,320304,-72
30.81,-0.41,15.69,323491,-69,145463,-38,324973,-72,280384,-68,363628,-78,299365,-63,204884,-54,320307,-72
30.83,-0.41,15.69,326386,-69,145446,-38,324987,-72,280375,-68,363615,-78,299349,-63,204880,-54,320308,-72
30.85,-0.41,15.69,329126,-69,145429,-38,325002,-72,280366,-68,363602,-78,299333,-63,204877,-54,320308,-72
30.86,-0.41,15.69,323446,-69,145421,-38,325010,-72,280361,-68,363594,-78,299325,-63,204875,-54,320309,-72
30.87,-0.41,15.69,317375,-70,145413,-38,325017,-72,280356,-68,363587,-78,299318,-63,204873,-54,320309,-72
30.88,-0.41,15.69,320400,-70,145404,-38,325025,-72,280352,-68,363580,-78,299309,-63,204872,-54,320310,-72
30.89,-0.41,15.69,329232,-69,145395,-38,325031,-72,280347,-68,363574,-78,299302,-63,204870,-54,320310,-72
30.9,-0.41,15.69,317595,-69,145387,-38,325039,-72,280343,-68,363567,-78,299294,-63,204868,-54,320311,-72
30.92,-0.41,15.69,328043,-70,145370,-38,325054,-72,280333,-68,363553,-78,299278,-63,204864,-54,320312,-72
30.93,-0.41,15.69,318426,-69,145362,-38,325061,-72,280329,-68,363546,-78,299270,-63,204862,-54,320312,-72
30.96,-0.41,15.69,329838,-69,145337,-38,325084,-72,280315,-68,363525,-78,299247,-63,204856,-54,320314,-72
30.97,-0.41,15.69,331261,-69,145329,-38,325091,-72,280311,-68,363518,-78,299239,-63,204854,-54,320314,-72
30.98,-0.41,15.69,319259,-69,145320,-38,325098,-72,280305,-68,363511,-78,299231,-63,204852,-54,320315,-72
30.99,-0.41,15.69,322673,-69,145312,-38,325106,-72,280301,-68,363504,-78,299223,-63,204851,-54,320315,-72
31.01,-0.41,15.69,310958,-69,145295,-38,325120,-72,280292,-68,363491,-78,299207,-63,204847,-54,320316,-72
31.02,-0.41,15.69,299479,-69,145287,-38,325128,-72,280287,-68,363484,-78,299199,-63,204845,-54,320316,-72
31.03,-0.41,15.69,316142,-69,145279,-38,325135,-72,280283,-68,363477,-78,299192,-63,204844,-54,320317,-72
31.04,-0.41,15.69,325538,-69,145270,-38,325143,-72,280277,-68,363470,-78,299184,-63,204842,-54,320317,-72
31.05,-0.41,15.69,317290,-69,145261,-38,325151,-72,280274,-68,363462,-77,299176,-63,204840,-54,320318,-72
31.07,-0.41,15.69,321340,-69,145245,-38,325165,-72,280264,-68,363449,-77,299160,-63,204836,-54,320319,-72
31.08,-0.41,15.69,330481,-69,145237,-38,325173,-72,280259,-68,363442,-77,299152,-63,204834,-54,320319,-72
31.09,-0.41,15.69,326750,-69,145229,-38,325179,-72,280255,-68,363435,-77,299145,-63,204832,-54,320320,-72
31.1,-0.41,15.69,326716,-69,145220,-38,325187,-72,280250,-68,363428,-77,299136,-63,204830,-54,320320,-72
31.11,-0.41,15.69,316892,-68,145212,-38,325194,-72,280245,-68,363421,-77,299129,-63,204828,-54,320321,-72
31.12,-0.41,15.69,326207,-69,145204,-38,325202,-72,280241,-68,363414,-77,299121,-63,204826,-54,320321,-72
31.13,-0.41,15.69,317221,-69,145195,-38,325209,-72,280236,-68,363407,-77,299113,-63,204824,-54,320322,-72
31.14,-0.41,15.69,314250,-69,145187,-38,325217,-72,280231,-68,363400,-77,299105,-63,204823,-54,320322,-72
31.17,-0.41,15.69,318431,-69,145161,-38,325239,-72,280217,-68,363380,-77,299081,-63,204817,-54,320323,-72
31.18,-0.41,15.69,321327,-69,145153,-38,325247,-72,280213,-68,363373,-77,299073,-63,204815,-54,320324,-72
31.19,-0.41,15.69,332680,-69,145144,-38,325254,-72,280208,-68,363365,-77,299065,-63,204814,-54,320324,-72
31.2,-0.41,15.69,330958,-69,145136,-38,325262,-72,280204,-68,363359,-77,299057,-63,204812,-54,320325,-72
31.22,-0.41,15.69,319988,-69,145119,-38,325276,-72,280194,-68,363345,-77,299042,-63,204808,-54,320326,-72
31.23,-0.41,15.69,318937,-69,145111,-38,325284,-72,280190,-68,363338,-77,299034,-63,204807,-54,320326,-72
31.25,-0.41,15.69,318780,-69,145094,-38,325298,-72,280181,-68,363325,-77,299019,-63,204803,-54,320327,-72
31.26,-0.41,15.69,316038,-69,145086,-38,325305,-72,280176,-68,363318,-77,299011,-63,204801,-54,320328,-72
31.27,-0.41,15.69,317128,-69,145077,-38,325313,-72,280172,-68,363310,-77,299002,-63,204798,-54,320328,-72
31.28,-0.41,15.69,314940,-69,145069,-38,325320,-72,280167,-68,363304,-77,298995,-63,204797,-54,320329,-72
31.29,-0.41,15.69,310123,-68,145060,-38,325328,-72,280162,-68,363297,-77,298987,-63,204795,-54,320329,-72
31.31,-0.41,15.69,329049,-69,145044,-38,325343,-72,280153,-68,363283,-77,298971,-63,204791,-54,320330,-72
31.32,-0.41,15.69,329875,-69,145036,-38,325350,-72,280148,-68,363276,-77,298963,-63,204789,-54,320330,-72
31.33,-0.41,15.69,329870,-69,145028,-38,325357,-72,280144,-68,363269,-77,298955,-63,204787,-54,320331,-72
34.95,-0.41,15.69,323654,-69,141997,-38,328037,-72,278469,-68,360762,-77,296105,-63,204115,-54,320499,-72
34.96,-0.41,15.69,323637,-69,141989,-38,328044,-72,278464,-68,360755,-77,296097,-63,204113,-54,313704,-72
34.98,-0.41,15.69,323602,-69,141972,-38,328059,-72,278455,-68,360741,-77,296081,-63,204109,-54,306993,-72
34.99,-0.41,15.69,323585,-69,141964,-38,328066,-72,278450,-68,360735,-77,296074,-63,204107,-54,306756,-72
35,-0.41,15.69,323568,-69,141955,-38,328073,-72,278446,-68,360728,-77,296066,-63,204105,-54,318401,-72
35.02,-0.41,15.69,323534,-69,141938,-38,328088,-72,278436,-68,360714,-77,296050,-63,204101,-54,310981,-72
35.03,-0.41,15.69,323517,-69,141930,-38,328096,-72,278431,-68,360707,-77,296042,-63,204099,-54,317418,-72
35.04,-0.41,15.69,323499,-69,141922,-38,328104,-72,278427,-68,360700,-77,296034,-63,204098,-54,312430,-72
35.05,-0.41,15.69,323482,-69,141914,-38,328111,-72,278423,-68,360693,-77,296026,-63,204096,-54,305225,-72
35.06,-0.41,15.69,323465,-69,141905,-38,328118,-72,278418,-68,360687,-77,296019,-63,204094,-54,314025,-72
35.07,-0.41,15.69,323448,-69,141896,-38,328126,-72,278414,-68,360679,-77,296010,-63,204092,-54,307303,-72
35.08,-0.41,15.69,323431,-69,141888,-38,328133,-72,278408,-68,360672,-77,296002,-63,204090,-54,314702,-72
35.09,-0.41,15.69,323413,-69,141880,-38,328141,-72,278404,-68,360666,-77,295994,-63,204089,-54,310458,-72
35.11,-0.41,15.69,323379,-69,141863,-38,328156,-72,278395,-68,360652,-77,295979,-63,204085,-54,305219,-72
35.13,-0.41,15.69,323345,-69,141846,-38,328170,-72,278385,-68,360638,-77,295963,-63,204081,-54,306437,-72
35.15,-0.41,15.69,323310,-69,141829,-38,328185,-72,278376,-68,360624,-77,295947,-63,204077,-54,306649,-72
35.16,-0.41,15.69,323293,-69,141821,-38,328192,-72,278371,-68,360617,-77,295940,-63,204075,-54,308598,-72
35.18,-0.41,15.69,323259,-69,141805,-38,328207,-72,278362,-68,360603,-77,295924,-63,204071,-54,306970,-72
35.19,-0.41,15.69,323242,-69,141796,-38,328215,-72,278358,-68,360596,-77,295916,-63,204070,-54,307381,-72
35.2,-0.41,15.69,323225,-69,141787,-38,328222,-72,278353,-68,360589,-77,295908,-63,204068,-54,305883,-72
35.21,-0.41,15.69,323207,-69,141780,-38,328229,-72,278349,-68,360583,-77,295901,-63,204066,-54,318880,-76
35.22,-0.41,15.69,323191,-69,141771,-38,328236,-72,278343,-68,360576,-77,295893,-63,204064,-54,317503,-72
35.23,-0.41,15.69,323173,-69,141763,-38,328244,-72,278339,-68,360569,-77,295885,-63,204062,-54,316130,-72
35.24,-0.41,15.69,323156,-69,141754,-38,328252,-72,278335,-68,360561,-77,295877,-63,204061,-54,308260,-72
35.25,-0.41,15.69,323139,-69,141746,-38,328259,-72,278330,-68,360555,-77,295869,-63,204059,-54,312410,-72
35.27,-0.41,15.69,323105,-69,141729,-38,328274,-72,278321,-68,360541,-77,295853,-63,204055,-54,315868,-72
35.28,-0.41,15.69,323087,-69,141721,-38,328281,-72,278316,-68,360534,-77,295845,-63,204053,-54,306791,-72
35.29,-0.41,15.69,323070,-69,141712,-38,328289,-72,278312,-69,360527,-77,295837,-63,204051,-54,307999,-72
35.3,-0.41,15.69,323053,-69,141704,-38,328296,-72,278307,-69,360520,-77,295830,-63,204049,-54,307951,-72
35.32,-0.41,15.69,323019,-69,141687,-38,328311,-72,278298,-69,360506,-77,295813,-63,204046,-54,307029,-72
35.33,-0.41,15.69,323001,-69,141678,-38,328318,-72,278293,-69,360499,-77,295806,-63,204044,-54,309562,-72
35.34,-0.41,15.69,322984,-69,141670,-38,328326,-72,278288,-69,360492,-77,295798,-63,204042,-54,309562,-72
35.35,-0.41,15.69,322967,-69,141662,-38,328333,-72,278284,-69,360485,-77,295790,-63,204040,-54,309562,-72
35.36,-0.41,15.69,322950,-69,141654,-38,328340,-72,278279,-69,360478,-77,295783,-63,204038,-54,309562,-72
35.37,-0.41,15.69,322933,-69,141645,-38,328348,-72,278274,-69,360471,-77,295774,-63,204036,-54,311047,-72
35.38,-0.41,15.69,322915,-69,141637,-38,328355,-72,278270,-69,360465,-77,295766,-63,204034,-54,309884,-72
35.39,-0.41,15.69,322898,-69,141629,-38,328363,-72,278265,-69,360458,-77,295758,-63,204033,-54,314602,-72
35.4,-0.41,15.69,322881,-69,141620,-38,328370,-72,278261,-69,360451,-77,295750,-63,204031,-54,312834,-72
35.42,-0.41,15.69,322847,-69,141604,-38,328384,-72,278251,-69,360437,-77,295735,-63,204027,-54,308668,-72
35.43,-0.41,15.69,322830,-69,141595,-38,328392,-72,278247,-69,360430,-77,295727,-63,204025,-54,309562,-72
35.44,-0.41,15.69,322812,-69,141587,-38,328399,-72,278242,-69,360423,-77,295719,-63,204024,-54,311308,-72
35.45,-0.41,15.69,322795,-69,141578,-38,328407,-72,278237,-69,360416,-77,295711,-63,204022,-54,319536,-73
35.47,-0.41,15.69,322761,-69,141562,-38,328422,-72,278228,-69,360402,-77,295696,-63,204017,-54,312090,-72
35.48,-0.41,15.69,322744,-69,141554,-38,328429,-72,278224,-69,360395,-77,295688,-63,204015,-54,322062,-72
35.49,-0.41,15.69,322727,-69,141545,-38,328437,-72,278219,-69,360388,-77,295680,-63,204014,-54,319518,-72
35.5,-0.41,15.69,322710,-69,141536,-38,328444,-72,278215,-69,360381,-77,295671,-63,204012,-54,309524,-72
35.53,-0.41,15.69,322658,-69,141512,-38,328466,-72,278201,-69,360361,-77,295648,-63,204006,-54,308088,-72
35.54,-0.41,15.69,322641,-69,141503,-38,328474,-72,278196,-69,360354,-77,295640,-63,204005,-54,308000,-72
35.55,-0.41,15.69,322623,-69,141495,-38,328481,-72,278191,-69,360347,-77,295632,-63,204003,-54,308000,-72
35.57,-0.41,15.69,322589,-69,141478,-38,328496,-72,278182,-69,360333,-77,295617,-63,203999,-54,305532,-72
35.58,-0.41,15.69,322572,-69,141469,-38,328503,-72,278177,-69,360327,-77,295609,-63,203997,-54,309634,-72
35.59,-0.41,15.69,322555,-69,141462,-38,328510,-72,278172,-69,360320,-77,295601,-63,203996,-54,317950,-72
35.6,-0.41,15.69,322538,-69,141453,-38,328518,-72,278168,-69,360313,-77,295593,-63,203994,-54,321281,-73
35.62,-0.41,15.69,322503,-69,141436,-38,328533,-72,278159,-69,360299,-77,295577,-63,203990,-54,318937,-72
35.63,-0.41,15.69,322486,-69,141428,-38,328540,-72,278154,-69,360292,-77,295570,-63,203988,-54,316543,-72
35.64,-0.41,15.69,322469,-69,141419,-38,328547,-72,278150,-69,360285,-77,295562,-63,203986,-54,311130,-72
39.26,-0.41,15.69,316252,-69,138389,-38,331226,-72,276475,-69,357778,-77,292711,-63,203313,-54,317691,-73
39.28,-0.41,15.69,316218,-69,138372,-38,331241,-72,276465,-69,357765,-77,292695,-63,206604,-53,317728,-73
39.29,-0.41,15.69,316201,-69,138364,-38,331249,-72,276461,-69,357757,-77,292687,-63,215813,-54,317746,-73
39.3,-0.41,15.69,316184,-69,138355,-38,331257,-72,276457,-69,357750,-77,292679,-63,214934,-54,317764,-73
39.31,-0.41,15.69,316167,-69,138347,-38,331264,-72,276451,-69,357743,-77,292671,-63,203811,-54,317782,-73
39.33,-0.41,15.69,316133,-69,138330,-38,331279,-72,276442,-69,357730,-77,292656,-63,208180,-54,317819,-73
39.35,-0.41,15.69,316098,-69,138314,-38,331294,-72,276433,-69,357716,-77,292640,-63,215812,-54,317854,-73
39.36,-0.41,15.69,316081,-69,138305,-38,331301,-72,276428,-69,357709,-77,292632,-63,215812,-54,317873,-73
39.37,-0.41,15.69,316064,-69,138297,-38,331308,-72,276424,-69,357702,-77,292624,-63,217362,-54,317891,-73
39.38,-0.41,15.69,316046,-69,138288,-38,331316,-72,276420,-69,357695,-77,292617,-63,204978,-53,317909,-73
39.39,-0.41,15.69,316029,-69,138280,-38,331323,-72,276415,-69,357688,-77,292609,-63,203312,-54,317927,-73
39.41,-0.41,15.69,315995,-69,138264,-38,331338,-72,276406,-69,357675,-77,292593,-63,210748,-54,317963,-73
39.42,-0.41,15.69,315978,-69,138255,-38,331345,-72,276401,-69,357668,-77,292586,-63,204875,-54,317982,-73
39.43,-0.41,15.69,315961,-69,138246,-38,331353,-72,276396,-69,357661,-77,292577,-63,208708,-54,318000,-73
39.44,-0.41,15.69,315944,-69,138238,-38,331360,-72,276391,-69,357654,-77,292569,-63,216097,-53,318018,-73
39.45,-0.41,15.69,315927,-69,138230,-38,331368,-72,276387,-69,357646,-77,292561,-63,216474,-53,318036,-73
39.46,-0.41,15.69,315909,-69,138221,-38,331375,-72,276383,-69,357640,-77,292553,-63,205356,-54,318054,-73
39.48,-0.41,15.69,315875,-69,138205,-38,331390,-72,276373,-69,357626,-77,292538,-63,213517,-54,318090,-73
39.49,-0.41,15.69,315857,-69,138196,-38,331397,-72,276368,-69,357619,-77,292530,-63,207409,-54,318109,-73
39.5,-0.41,15.69,315840,-69,138189,-38,331404,-72,276364,-69,357612,-77,292523,-63,218938,-54,318127,-73
39.51,-0.41,15.69,315823,-69,138180,-38,331412,-72,276359,-69,357605,-77,292515,-63,218886,-54,318145,-73
39.52,-0.41,15.69,315807,-69,138171,-38,331419,-72,276355,-69,357598,-77,292506,-63,217579,-54,318163,-73
39.53,-0.41,15.69,315789,-69,138163,-38,331426,-72,276350,-69,357591,-77,292499,-63,205010,-54,318181,-73
39.54,-0.41,15.69,315772,-69,138155,-38,331434,-72,276345,-69,357584,-77,292491,-63,205077,-54,318199,-73
39.55,-0.41,15.69,315755,-69,138147,-38,331441,-73,276341,-69,357577,-77,292483,-63,205498,-53,318217,-73
39.57,-0.41,15.69,315720,-69,138129,-38,331457,-73,276332,-69,357564,-77,292467,-63,204875,-54,318253,-73
39.58,-0.41,15.69,315703,-69,138121,-38,331464,-73,276327,-69,357557,-77,292460,-63,204875,-54,318272,-73
39.59,-0.41,15.69,315686,-69,138112,-38,331471,-73,276322,-69,357550,-77,292451,-63,204875,-54,318290,-73
39.6,-0.41,15.69,315669,-69,138104,-38,331479,-73,276318,-69,357542,-77,292443,-63,204875,-54,318308,-73
39.61,-0.41,15.69,315652,-69,138096,-38,331486,-73,276313,-69,357536,-77,292435,-63,204875,-54,318325,-73
39.63,-0.41,15.69,315617,-69,138079,-38,331500,-73,276304,-69,357522,-77,292420,-63,217375,-53,318362,-73
39.64,-0.41,15.69,315600,-69,138071,-38,331508,-73,276299,-69,357515,-77,292412,-63,214251,-54,318380,-73
39.65,-0.41,15.69,315583,-69,138062,-38,331516,-73,276295,-69,357508,-77,292404,-63,204875,-54,318398,-73
39.66,-0.41,15.69,315566,-69,138054,-38,331523,-73,276290,-69,357501,-77,292396,-63,204875,-54,318417,-73
39.67,-0.41,15.69,315549,-69,138046,-38,331530,-73,276285,-69,357494,-77,292388,-63,217359,-54,318435,-73
39.68,-0.41,15.69,315531,-69,138037,-38,331537,-73,276280,-69,357488,-77,292381,-63,207268,-54,318453,-73
39.69,-0.41,15.69,315514,-69,138029,-38,331545,-73,276276,-69,357481,-77,292372,-63,204875,-54,318471,-73
39.7,-0.41,15.69,315497,-69,138021,-38,331552,-73,276271,-69,357474,-77,292365,-63,210597,-54,318489,-73
39.71,-0.41,15.69,315480,-69,138012,-38,331560,-73,276266,-69,357467,-77,292357,-63,215997,-53,318507,-73
39.73,-0.41,15.69,315446,-69,137996,-38,331575,-73,276257,-69,357453,-77,292341,-63,208031,-54,318544,-73
39.74,-0.41,15.69,315429,-69,137987,-38,331582,-73,276253,-69,357446,-77,292333,-63,214741,-54,318562,-73
39.75,-0.41,15.69,315411,-68,137979,-38,331589,-73,276248,-69,357439,-77,292326,-63,205261,-54,318580,-73
39.76,-0.41,15.69,315395,-68,137971,-38,331597,-73,276244,-69,357432,-77,292318,-63,217198,-54,318597,-73
39.78,-0.41,15.69,315360,-68,137954,-38,331612,-73,276234,-69,357419,-77,292301,-63,204875,-54,318634,-73
39.79,-0.41,15.69,315343,-68,137946,-38,331619,-73,276229,-69,357412,-77,292294,-63,204621,-54,318652,-73
39.8,-0.41,15.69,315325,-68,137937,-38,331627,-73,276224,-69,357404,-77,292286,-63,203313,-54,318670,-73
39.81,-0.41,15.69,315309,-68,137929,-38,331634,-73,276220,-69,357398,-77,292278,-63,203618,-54,318688,-73
39.82,-0.41,15.69,315291,-68,137920,-38,331641,-73,276216,-69,357391,-77,292270,-63,217126,-54,318707,-73
39.83,-0.41,15.69,315274,-68,137912,-38,331648,-73,276211,-69,357384,-77,292263,-63,213980,-54,318725,-73
39.84,-0.41,15.69,315257,-68,137903,-38,331656,-73,276206,-69,357377,-77,292254,-63,206921,-53,318743,-73
39.85,-0.41,15.69,315240,-68,137895,-38,331664,-73,276202,-69,357370,-77,292246,-63,203909,-54,318761,-73
39.87,-0.41,15.69,315205,-68,137879,-38,331678,-73,276193,-69,357356,-77,292231,-63,211963,-53,318797,-73
39.88,-0.41,15.69,315188,-68,137870,-38,331686,-73,276188,-69,357349,-77,292223,-63,208546,-54,318815,-73
39.89,-0.41,15.69,315171,-68,137862,-38,331693,-73,276183,-69,357342,-77,292215,-63,213906,-54,318833,-73
39.9,-0.41,15.69,315154,-68,137853,-38,331701,-73,276179,-69,357335,-77,292207,-63,203397,-53,318851,-73
39.91,-0.41,15.69,315136,-68,137845,-38,331708,-73,276174,-69,357328,-77,292199,-63,204445,-54,318870,-73
39.93,-0.41,15.69,315102,-68,137828,-38,331723,-73,276165,-69,357314,-77,292184,-63,212824,-53,318906,-73
39.94,-0.41,15.69,315085,-68,137820,-38,331730,-73,276160,-69,357307,-77,292176,-63,208103,-54,318924,-73
39.95,-0.41,15.69,315068,-68,137811,-38,331738,-73,276155,-69,357300,-77,292168,-63,217661,-54,318942,-73
39.96,-0.41,15.69,315051,-68,137804,-38,331745,-73,276151,-69,357294,-77,292160,-63,206437,-54,318960,-73
43.66,-0.41,15.69,308697,-68,134706,-38,334483,-73,274439,-69,354732,-77,289249,-63,201277,-53,325667,-73
43.67,-0.41,15.69,308680,-68,134697,-38,334491,-73,274435,-69,354725,-77,289250,-63,201262,-53,325685,-73
43.68,-0.41,15.69,308663,-68,134689,-38,334498,-73,274430,-69,354718,-77,289249,-63,201248,-53,325702,-73
43.69,-0.41,15.69,308645,-68,134681,-38,334506,-73,274425,-69,354711,-77,289249,-63,201235,-53,325721,-73
43.7,-0.41,15.69,308628,-68,134672,-38,334514,-73,274420,-69,354704,-77,301150,-63,201221,-53,325739,-73
43.72,-0.41,15.69,308594,-68,134656,-38,334528,-73,274412,-69,354690,-77,289624,-62,201193,-53,325775,-73
43.73,-0.41,15.69,308577,-68,134647,-38,334535,-73,274406,-69,354683,-77,290982,-63,201179,-53,325793,-73
43.74,-0.41,15.69,308560,-68,134639,-38,334543,-73,274402,-69,354677,-77,292237,-63,201165,-53,325811,-73
43.75,-0.41,15.69,308542,-68,134631,-38,334551,-73,274397,-69,354669,-77,290920,-63,201151,-53,325829,-73
43.76,-0.41,15.69,308525,-68,134622,-38,334558,-73,274393,-69,354662,-77,289493,-63,201137,-53,325848,-73
43.77,-0.41,15.69,308508,-68,134614,-38,334565,-73,274388,-69,354655,-77,290376,-63,201123,-53,325865,-73
43.78,-0.41,15.69,308491,-68,134606,-38,334572,-73,274384,-69,354648,-77,299298,-62,201109,-53,325883,-73
43.8,-0.41,15.69,308456,-68,134589,-38,334587,-73,274375,-69,354635,-77,303312,-62,201081,-53,325920,-73
43.82,-0.41,15.69,308422,-68,134572,-38,334602,-73,274365,-69,354621,-77,303312,-63,201053,-53,325956,-73
43.83,-0.41,15.69,308405,-68,134563,-38,334610,-73,274361,-69,354614,-77,303911,-63,201039,-53,325974,-73
43.84,-0.41,15.69,308387,-68,134555,-39,334617,-73,274356,-69,354607,-77,306151,-63,201026,-53,325993,-73
43.89,-0.41,15.69,308302,-68,134514,-39,334654,-73,274333,-69,354573,-77,290812,-63,200956,-53,326083,-73
43.9,-0.41,15.69,308285,-68,134505,-39,334661,-73,274328,-69,354566,-77,290812,-63,200942,-53,326101,-73
43.91,-0.41,15.69,308268,-68,134496,-39,334669,-73,274324,-69,354559,-77,292188,-62,200928,-53,326119,-73
43.93,-0.41,15.69,308233,-68,134480,-39,334683,-73,274315,-69,354545,-77,298942,-62,200900,-53,326155,-73
43.95,-0.41,15.69,308199,-68,134463,-39,334699,-73,274305,-69,354531,-77,298043,-63,200872,-53,326192,-73
43.96,-0.41,15.69,308182,-68,134455,-39,334706,-73,274300,-69,354524,-77,304295,-63,200858,-53,326210,-73
43.97,-0.41,15.69,308165,-68,134446,-39,334713,-73,274296,-69,354517,-77,303312,-63,200844,-53,326228,-73
43.98,-0.41,15.69,308148,-68,134438,-39,334720,-73,274291,-69,354510,-77,303312,-63,200830,-53,326247,-73
43.99,-0.41,15.69,308130,-68,134429,-39,334728,-73,274286,-69,354503,-77,303312,-63,200816,-53,326265,-73
44,-0.41,15.69,308113,-68,134421,-39,334735,-73,274282,-69,354496,-77,306379,-62,200802,-53,326283,-73
44.02,-0.41,15.69,308079,-68,134404,-39,334750,-73,274273,-69,354483,-77,290812,-63,200775,-53,326318,-73
44.03,-0.41,15.69,308061,-68,134396,-39,334757,-73,274268,-69,354476,-77,290812,-62,200761,-53,326337,-73
44.04,-0.41,15.69,308044,-68,134388,-39,334765,-73,274263,-69,354469,-77,290974,-62,200746,-53,326355,-73
44.05,-0.41,15.69,308027,-68,134379,-39,334773,-73,274259,-69,354461,-77,292314,-63,200733,-53,326373,-73
44.06,-0.41,15.69,308010,-68,134371,-39,334780,-73,274254,-69,354455,-77,291059,-63,200719,-53,326391,-73
44.07,-0.41,15.69,307993,-68,134363,-39,334787,-73,274249,-69,354448,-77,298699,-62,200704,-53,326409,-73
44.08,-0.41,15.69,307976,-68,134354,-39,334794,-73,274245,-69,354441,-77,293504,-62,200691,-53,326428,-73
44.09,-0.41,15.69,307959,-68,134346,-39,334802,-73,274240,-69,354434,-77,296403,-62,200677,-53,326445,-73
44.11,-0.41,15.69,307924,-68,134329,-39,334817,-73,274231,-69,354420,-77,289250,-62,200649,-53,326482,-73
44.12,-0.41,15.69,307907,-68,134321,-39,334824,-73,274226,-69,354414,-77,289728,-63,200635,-53,326500,-73
44.13,-0.41,15.69,307890,-68,134312,-39,334832,-73,274222,-69,354406,-77,290812,-63,200621,-53,326518,-73
44.14,-0.41,15.69,307873,-68,134304,-39,334838,-73,274217,-69,354400,-77,290736,-63,200607,-53,326536,-73
44.15,-0.41,15.69,307855,-68,134296,-39,334846,-73,274212,-69,354392,-77,289345,-63,200593,-53,326554,-73
44.17,-0.41,15.69,307821,-68,134279,-39,334861,-73,274203,-69,354379,-77,299761,-63,200565,-53,326591,-73
44.18,-0.41,15.69,307804,-68,134270,-39,334868,-73,274198,-69,354372,-77,290539,-63,200551,-53,326608,-73
44.19,-0.41,15.69,307786,-68,134262,-39,334876,-73,274194,-69,354364,-77,290240,-63,200538,-53,326627,-73
44.2,-0.41,15.69,307769,-68,134254,-39,334883,-73,274189,-69,354358,-77,300902,-63,200523,-53,326645,-73
44.21,-0.41,15.69,307753,-68,134245,-39,334890,-73,274185,-69,354351,-77,290582,-62,200509,-53,326663,-73
44.22,-0.41,15.69,307735,-68,134237,-39,334898,-73,274180,-69,354344,-77,301374,-63,200496,-53,326681,-73
44.23,-0.41,15.69,307718,-68,134229,-39,334905,-73,274176,-69,354337,-77,295308,-63,200482,-53,326700,-73
44.25,-0.41,15.69,307684,-68,134212,-39,334920,-73,274166,-69,354323,-77,294930,-63,200454,-53,326735,-73
44.26,-0.41,15.69,307666,-68,134203,-39,334928,-73,274162,-69,354316,-77,296751,-62,200440,-53,326753,-73
44.27,-0.41,15.69,307649,-68,134195,-39,334935,-73,274157,-69,354310,-77,289669,-63,200425,-53,326772,-73
44.28,-0.41,15.69,307632,-68,134187,-39,334943,-73,274152,-69,354302,-77,290812,-63,200411,-53,326790,-73
44.29,-0.41,15.69,307615,-68,134178,-39,334950,-73,274147,-69,354295,-77,290812,-62,200398,-53,326808,-73
47.97,-0.41,15.69,301296,-68,131098,-39,337673,-73,272445,-69,357486,-77,283962,-61,195265,-52,333477,-74
47.98,-0.41,15.69,301278,-68,131089,-39,337681,-73,272441,-69,369006,-77,283944,-61,195251,-52,333496,-74
47.99,-0.41,15.69,301261,-68,131081,-39,337688,-73,272436,-69,362323,-77,283925,-61,195237,-52,333514,-74
48,-0.41,15.69,301245,-68,131073,-39,337696,-73,272431,-69,356229,-77,283907,-61,195224,-52,333532,-74
48.01,-0.41,15.69,301227,-68,131064,-39,337703,-73,272427,-69,346764,-77,283888,-61,195209,-52,333551,-74
48.03,-0.41,15.69,301193,-68,131048,-39,337718,-73,272417,-69,356043,-77,283851,-61,195182,-52,333586,-74
48.04,-0.41,15.69,301176,-68,131039,-39,337725,-73,272413,-69,360902,-77,283832,-61,195168,-52,333604,-74
48.05,-0.41,15.69,301159,-68,131031,-39,337733,-73,272408,-69,351854,-77,283814,-61,195154,-52,333622,-74
48.06,-0.41,15.69,301141,-68,131023,-39,337740,-73,272404,-69,355957,-77,283794,-61,195140,-52,333641,-74
48.08,-0.41,15.69,301107,-68,131006,-39,337755,-73,272395,-69,365610,-77,283758,-61,195112,-52,333677,-74
48.1,-0.41,15.69,301072,-68,130989,-39,337770,-73,272385,-69,361858,-77,283720,-61,195084,-52,333713,-74
48.11,-0.41,15.69,301055,-68,130981,-39,337777,-73,272381,-69,365191,-76,283702,-61,195070,-52,333731,-74
48.13,-0.41,15.69,301021,-68,130964,-39,337792,-73,272371,-69,354730,-77,283665,-61,195042,-52,333767,-74
48.14,-0.41,15.69,301004,-68,130956,-39,337800,-73,272366,-69,365008,-77,283646,-61,195028,-52,333786,-74
48.16,-0.41,15.69,300970,-68,130939,-39,337814,-73,272357,-69,350840,-77,283609,-61,195000,-52,333822,-74
48.18,-0.41,15.69,300935,-68,130922,-39,337829,-73,272348,-69,355165,-77,283572,-61,194973,-52,333858,-74
48.19,-0.41,15.69,300918,-68,130913,-39,337836,-73,272344,-69,350187,-77,283553,-61,194958,-52,333876,-74
48.21,-0.41,15.69,300884,-68,130897,-39,337851,-73,272334,-69,350188,-77,283516,-61,194930,-52,333912,-74
48.22,-0.41,15.69,300866,-68,130889,-39,337858,-73,272329,-69,347720,-77,283497,-61,194916,-52,333931,-74
48.23,-0.41,15.69,300849,-68,130880,-39,337866,-73,272325,-69,349240,-77,283478,-61,194903,-52,333949,-74
48.24,-0.41,15.69,300832,-68,130872,-39,337873,-73,272320,-69,362086,-77,283459,-61,194888,-52,333967,-74
48.27,-0.41,15.69,300780,-68,130847,-39,337895,-73,272307,-69,355570,-77,283404,-61,194847,-52,334022,-74
48.28,-0.41,15.69,300763,-68,130839,-39,337903,-73,272302,-69,355347,-77,283385,-61,194833,-52,334039,-74
48.29,-0.41,15.69,300747,-68,130830,-39,337910,-73,272297,-69,365511,-77,283366,-61,194819,-52,334058,-74
48.31,-0.41,15.69,300712,-68,130813,-39,337926,-73,272288,-69,361218,-76,283329,-61,194791,-52,334094,-74
48.33,-0.41,15.69,300677,-68,130797,-39,337940,-73,272279,-69,361261,-77,283292,-61,194763,-52,334130,-74
48.34,-0.41,15.69,300660,-68,130788,-39,337948,-73,272274,-69,343179,-77,283273,-61,194749,-52,334148,-74
48.35,-0.41,15.69,300643,-68,130780,-39,337955,-73,272269,-69,351237,-77,283254,-61,194735,-52,334167,-74
48.36,-0.41,15.69,300626,-68,130772,-39,337962,-73,272264,-69,361792,-77,283236,-61,194721,-52,334185,-74
48.37,-0.41,15.69,300609,-68,130763,-39,337970,-73,272260,-69,348221,-77,283217,-61,194707,-51,334203,-74
48.38,-0.41,15.69,300592,-68,130755,-39,337977,-73,272255,-69,347752,-77,283199,-61,194693,-51,334221,-74
48.4,-0.41,15.69,300557,-68,130738,-39,337991,-73,272246,-69,344985,-77,283162,-61,194666,-51,334257,-74
48.42,-0.41,15.69,300523,-68,130721,-39,338007,-73,272237,-69,341077,-77,283124,-61,194638,-51,334294,-74
48.43,-0.41,15.69,300505,-68,130713,-39,338014,-73,272232,-69,351170,-77,283106,-61,194623,-51,334312,-74
48.44,-0.41,15.69,300488,-68,130704,-39,338022,-73,272228,-69,349478,-76,283087,-61,194610,-51,334330,-74
48.45,-0.41,15.69,300471,-68,130696,-39,338029,-73,272223,-69,357871,-77,283068,-61,194595,-51,334348,-74
48.46,-0.41,15.69,300455,-68,130688,-39,338036,-73,272218,-69,356582,-77,283050,-61,194581,-51,334366,-74
48.48,-0.41,15.69,300420,-68,130671,-39,338051,-73,272209,-69,356420,-77,283013,-61,194553,-51,334402,-74
48.49,-0.41,15.69,300403,-68,130662,-39,338059,-73,272204,-69,350412,-77,282994,-61,194540,-51,334420,-74
48.5,-0.41,15.69,300386,-68,130654,-39,338066,-73,272200,-69,353181,-77,282976,-61,194526,-51,334438,-74
48.52,-0.41,15.69,300351,-68,130637,-39,338081,-73,272191,-69,363369,-77,282938,-61,194498,-51,334475,-74
48.53,-0.41,15.69,300334,-68,130629,-39,338088,-73,272186,-69,351726,-77,282920,-61,194484,-51,334493,-74
48.54,-0.41,15.69,300317,-68,130621,-39,338095,-73,272181,-69,347978,-77,282901,-61,194470,-51,334511,-74
48.56,-0.41,15.69,300282,-68,130604,-39,338110,-73,272172,-69,353302,-77,282864,-61,194442,-51,334547,-74
52.17,-0.41,15.69,294084,-68,127582,-39,340783,-73,270502,-69,343904,-77,276143,-60,189407,-50,341090,-74
52.18,-0.41,15.69,294066,-68,127574,-39,340790,-73,269664,-69,343878,-77,276125,-60,189394,-50,341108,-74
52.2,-0.41,15.69,294032,-68,127557,-39,340805,-73,274219,-69,343826,-77,276087,-60,189365,-50,341144,-74
52.21,-0.41,15.69,294015,-68,127549,-39,340812,-73,266139,-69,343800,-77,276069,-60,189352,-50,341162,-74
52.22,-0.41,15.69,293998,-68,127540,-39,340819,-73,268224,-68,343774,-77,276050,-60,189337,-50,341180,-74
52.23,-0.41,15.69,293981,-68,127532,-39,340827,-73,275180,-68,343748,-77,276031,-60,189323,-50,341199,-74
52.25,-0.41,15.69,293946,-68,127515,-39,340842,-73,270454,-68,343696,-77,275994,-60,189296,-50,341235,-74
52.26,-0.41,15.69,293929,-68,127507,-39,340849,-73,274793,-68,343670,-77,275976,-60,189282,-50,341253,-74
52.27,-0.41,15.69,293911,-68,127498,-39,340857,-73,267375,-69,343644,-77,275957,-60,189268,-50,341271,-74
52.28,-0.41,15.69,293895,-68,127490,-39,340864,-73,267277,-69,343618,-77,275939,-60,189254,-50,341289,-74
52.29,-0.41,15.69,293878,-68,127482,-39,340871,-73,265941,-68,343592,-77,275920,-60,189239,-50,341307,-74
52.3,-0.41,15.69,293860,-68,127473,-39,340878,-73,267074,-68,343566,-77,275901,-60,189226,-50,341325,-74
52.31,-0.41,15.69,293843,-68,127465,-39,340886,-73,266308,-68,343540,-77,275883,-60,189212,-50,341343,-74
52.32,-0.41,15.69,293826,-68,127457,-39,340893,-73,266764,-68,343514,-77,275864,-60,189198,-50,341362,-74
52.34,-0.41,15.69,293792,-68,127440,-39,340908,-73,270386,-68,343461,-77,275826,-60,189170,-50,341398,-74
52.35,-0.41,15.69,293774,-68,127431,-39,340915,-73,272534,-68,343435,-77,275808,-60,189156,-50,341416,-74
52.36,-0.41,15.69,293757,-68,127423,-39,340923,-73,266219,-68,343409,-77,275789,-60,189142,-50,341434,-74
52.37,-0.41,15.69,293740,-68,127415,-39,340930,-73,278732,-68,343383,-77,275771,-60,189128,-50,341452,-74
52.39,-0.41,15.69,293705,-68,127398,-39,340945,-73,272260,-68,343331,-77,275734,-60,189100,-50,341489,-74
52.4,-0.41,15.69,293688,-68,127389,-39,340953,-73,273101,-68,343305,-77,275715,-60,189086,-50,341507,-74
52.41,-0.41,15.69,293671,-68,127381,-39,340960,-73,265123,-68,343279,-77,275696,-60,189072,-50,341525,-74
52.42,-0.41,15.69,293654,-68,127373,-39,340967,-73,267780,-67,343254,-77,275678,-60,189059,-50,341543,-74
52.43,-0.41,15.69,293637,-68,127365,-39,340974,-73,261847,-67,343227,-77,275659,-60,189044,-50,341561,-74
52.44,-0.41,15.69,293620,-68,127356,-39,340982,-73,276223,-68,343201,-77,275641,-60,189030,-50,341579,-74
52.45,-0.41,15.69,293602,-68,127347,-39,340990,-73,266288,-68,343175,-77,275622,-60,189017,-50,341597,-74
52.46,-0.41,15.69,293585,-68,127339,-39,340997,-73,271459,-68,343149,-77,275603,-60,189003,-50,341615,-74
52.47,-0.41,15.69,293569,-68,127331,-39,341004,-73,267469,-68,343123,-77,275584,-60,188988,-50,341634,-74
52.49,-0.41,15.69,293534,-68,127314,-39,341019,-73,262688,-68,343071,-77,275547,-60,188960,-50,341670,-74
52.5,-0.41,15.69,293517,-68,127306,-39,341027,-73,267725,-67,343045,-77,275529,-60,188947,-50,341688,-74
52.51,-0.41,15.69,293500,-68,127297,-39,341034,-73,277783,-67,343019,-77,275510,-60,188932,-50,341706,-75
52.52,-0.41,15.69,293482,-68,127289,-39,341042,-73,274749,-67,342993,-77,275492,-60,188918,-50,341724,-75
52.55,-0.41,15.69,293431,-68,127264,-39,341064,-73,268226,-68,342915,-77,275436,-60,188877,-50,341778,-75
52.56,-0.41,15.69,293414,-68,127256,-39,341071,-73,276027,-68,342889,-77,275417,-60,188863,-50,341797,-75
52.57,-0.41,15.69,293397,-68,127247,-39,341078,-73,272549,-68,342863,-77,275399,-60,188849,-50,341815,-75
52.58,-0.41,15.69,293379,-68,127239,-39,341085,-73,264195,-67,342837,-77,275380,-60,188835,-50,341833,-75
52.59,-0.41,15.69,293362,-68,127230,-39,341093,-73,262853,-67,342810,-77,275361,-60,188822,-50,341851,-75
52.6,-0.41,15.69,293345,-68,127222,-39,341101,-73,261520,-67,342785,-77,275343,-60,188807,-50,341869,-75
52.61,-0.41,15.69,293328,-68,127214,-39,341108,-73,271966,-68,342759,-77,275324,-60,188793,-50,341887,-75
52.63,-0.41,15.69,293293,-68,127197,-39,341122,-73,265857,-68,342707,-77,275287,-60,188766,-50,341923,-75
52.66,-0.41,15.69,293242,-68,127172,-39,341145,-73,273432,-67,342628,-77,275230,-60,188724,-50,341978,-75
52.67,-0.41,15.69,293224,-68,127164,-39,341152,-73,263729,-67,342602,-77,275212,-60,188710,-50,341996,-75
52.69,-0.41,15.69,293191,-68,127147,-39,341167,-73,272264,-68,342550,-77,275175,-60,188682,-50,342033,-75
52.7,-0.41,15.69,293173,-68,127138,-39,341174,-73,265351,-69,342525,-77,275156,-60,188668,-50,342051,-75
52.71,-0.41,15.69,293156,-68,127130,-39,341182,-73,264250,-68,342499,-77,275138,-60,188654,-50,342068,-75
52.72,-0.41,15.69,293139,-68,127122,-39,341189,-73,265534,-68,342472,-77,275119,-60,188640,-50,342086,-75
52.73,-0.41,15.69,293122,-68,127113,-39,341197,-73,274913,-67,342446,-77,275101,-60,188626,-50,342104,-75
52.76,-0.41,15.69,293070,-68,127088,-39,341219,-73,269497,-68,342369,-76,275044,-60,188584,-50,342159,-75
52.77,-0.41,15.69,293053,-68,127080,-39,341227,-73,277740,-68,342342,-76,275026,-60,188570,-50,342177,-75
52.78,-0.41,15.69,293036,-68,127071,-39,341234,-73,281238,-68,342316,-76,275007,-60,188556,-50,342196,-75
52.8,-0.41,15.69,293002,-68,127055,-39,341248,-73,276042,-68,342264,-76,274970,-60,188528,-50,342231,-75
52.81,-0.41,15.69,292984,-68,127046,-39,341256,-73,267809,-68,342238,-76,274951,-60,188514,-50,342250,-75
52.82,-0.41,15.69,292967,-68,127038,-39,341263,-73,269925,-67,342212,-76,274933,-60,188501,-50,342268,-75
52.83,-0.41,15.69,292950,-68,127030,-39,341271,-73,266644,-68,342186,-76,274914,-60,188487,-50,342286,-75
56.43,-0.41,15.69,286768,-68,124016,-39,343935,-73,262407,-67,332815,-76,268212,-59,183465,-49,348811,-75
56.44,-0.41,15.69,286751,-68,124007,-39,345980,-73,262402,-67,332789,-76,268194,-59,183452,-49,348829,-75
56.45,-0.41,15.69,286734,-68,123999,-39,346217,-73,262397,-67,332762,-76,268175,-59,183438,-49,348847,-75
56.48,-0.41,15.69,286682,-68,123974,-39,319711,-73,262381,-67,332684,-76,268119,-59,183396,-49,348901,-75
56.49,-0.41,15.69,286665,-68,123966,-39,337262,-72,262376,-67,332658,-76,268101,-59,183382,-49,348920,-75
56.51,-0.41,15.69,286631,-68,123949,-39,332863,-73,262367,-67,332606,-76,268063,-59,183354,-49,348955,-75
56.52,-0.41,15.69,286613,-68,123941,-39,352365,-73,262362,-67,332580,-76,268045,-59,183340,-49,348973,-75
56.53,-0.41,15.69,286597,-68,123932,-39,344725,-72,262356,-67,332554,-76,268026,-59,183326,-49,348992,-75
56.54,-0.41,15.69,286579,-68,123924,-39,342584,-73,262351,-67,332528,-76,268008,-59,183312,-49,349010,-75
56.56,-0.41,15.69,286545,-68,123907,-39,349966,-73,262341,-67,332476,-76,267970,-59,183284,-49,349046,-75
56.64,-0.41,15.69,286407,-67,123840,-39,344248,-73,262300,-67,332268,-76,267822,-59,183173,-49,349191,-75
56.66,-0.41,15.69,286373,-67,123823,-39,349905,-73,262290,-67,332216,-76,267784,-59,183144,-49,349227,-75
56.67,-0.41,15.69,286356,-67,123815,-39,350008,-72,262285,-67,332190,-76,267765,-59,183130,-49,349246,-75
56.68,-0.41,15.69,286339,-67,123807,-39,345497,-73,262280,-67,332163,-76,267747,-59,183116,-49,349264,-75
56.69,-0.41,15.69,286322,-67,123798,-39,355567,-73,262275,-67,332137,-76,267729,-59,183103,-49,349282,-75
56.7,-0.41,15.69,286304,-67,123790,-39,343937,-73,262269,-67,332111,-76,267710,-59,183089,-49,349300,-75
56.71,-0.41,15.69,286287,-67,123782,-39,343937,-73,262264,-67,332085,-76,267691,-59,183075,-49,349319,-75
56.72,-0.41,15.69,286270,-67,123773,-39,343937,-73,262259,-67,332059,-76,267672,-59,183061,-49,349336,-75
56.73,-0.41,15.69,286253,-67,123765,-39,343937,-73,262254,-67,332033,-76,267654,-59,183047,-49,349355,-75
0.29,-1.63,0.4,185079,-53,365619,-76,244385,-62,254209,-69,125188,-41,317984,-62,248189,-64,160071,-44
0.3,-1.63,0.4,185086,-53,365605,-76,244382,-62,254216,-69,133383,-41,317979,-62,248185,-64,160062,-44
0.31,-1.63,0.4,185094,-53,365587,-76,244378,-62,254225,-69,126416,-41,317972,-62,248178,-64,160051,-44
0.32,-1.63,0.4,185101,-53,365569,-76,244374,-62,254234,-69,122062,-41,317965,-62,248171,-64,160041,-44
0.34,-1.63,0.4,185117,-53,365533,-76,244365,-62,254251,-69,131564,-41,317951,-62,248159,-64,160018,-44
0.35,-1.63,0.4,185125,-53,365515,-76,244361,-62,254260,-69,125927,-41,317944,-62,248152,-64,160007,-44
0.36,-1.63,0.4,185133,-53,365497,-76,244357,-62,254269,-69,132343,-41,317937,-62,248145,-64,159996,-44
0.38,-1.63,0.4,185149,-53,365460,-76,244349,-62,254286,-69,125757,-40,317923,-62,248132,-64,159974,-44
0.39,-1.63,0.4,185157,-53,365442,-76,244345,-62,254295,-69,127291,-41,317917,-62,248126,-64,159963,-44
0.4,-1.63,0.4,185165,-53,365424,-76,244341,-62,254304,-69,127875,-41,317910,-62,248120,-64,159951,-44
0.41,-1.63,0.4,185172,-53,365406,-76,244336,-62,254313,-69,127628,-41,317903,-62,248113,-64,159940,-44
0.42,-1.63,0.4,185180,-53,365388,-76,244332,-62,254321,-69,131110,-41,317896,-62,248107,-64,159929,-44
0.44,-1.63,0.4,185195,-53,365353,-76,244323,-62,254339,-69,126959,-41,317882,-62,248094,-64,159907,-44
0.45,-1.63,0.4,185203,-53,365334,-76,244319,-62,254348,-69,127978,-41,317875,-62,248087,-64,159896,-44
0.46,-1.63,0.4,185211,-53,365317,-76,244315,-62,254357,-69,131460,-42,317868,-62,248081,-64,159885,-44
0.49,-1.63,0.4,185235,-53,365262,-76,244302,-62,254383,-69,132892,-41,317847,-62,248062,-64,159852,-44
0.5,-1.63,0.4,185243,-53,365244,-76,244298,-62,254392,-69,140654,-41,317840,-62,248055,-64,159840,-44
0.51,-1.63,0.4,185250,-53,365226,-76,244294,-62,254400,-69,133816,-41,317833,-62,248048,-64,159830,-44
0.53,-1.63,0.4,185267,-53,365190,-76,244286,-62,254418,-69,130876,-41,317819,-62,248036,-64,159808,-44
0.54,-1.63,0.4,185274,-53,365172,-76,244282,-62,254427,-69,127695,-40,317812,-62,248029,-64,159796,-44
0.55,-1.63,0.4,185282,-53,365154,-76,244278,-62,254436,-69,127953,-40,317806,-62,248023,-64,159785,-44
0.57,-1.63,0.4,185298,-53,365118,-76,244270,-62,254453,-69,134267,-41,317791,-62,248009,-64,159763,-44
0.58,-1.63,0.4,185306,-53,365100,-76,244265,-62,254462,-69,131483,-41,317784,-62,248003,-64,159752,-44
0.59,-1.63,0.4,185313,-53,365082,-76,244261,-62,254470,-69,131437,-41,317778,-62,247997,-64,159741,-44
0.6,-1.63,0.4,185321,-53,365064,-76,244257,-62,254479,-69,133957,-41,317771,-62,247990,-64,159730,-44
0.61,-1.63,0.4,185329,-53,365046,-76,244253,-62,254488,-69,137820,-41,317763,-62,247984,-64,159719,-44
0.64,-1.63,0.4,185353,-52,364992,-76,244240,-62,254515,-69,140410,-41,317743,-62,247964,-64,159685,-44
0.65,-1.63,0.4,185360,-52,364974,-76,244236,-62,254523,-69,139461,-41,317736,-62,247958,-64,159674,-44
0.66,-1.63,0.4,185369,-52,364956,-76,244232,-62,254532,-69,130877,-41,317729,-62,247952,-64,159663,-44
0.68,-1.63,0.4,185384,-52,364920,-76,244223,-62,254550,-69,136175,-41,317715,-62,247939,-64,159641,-44
0.69,-1.63,0.4,185392,-52,364902,-76,244219,-62,254558,-69,129875,-41,317708,-62,247932,-64,159630,-44
0.7,-1.63,0.4,185400,-52,364884,-76,244215,-62,254567,-69,128704,-41,317701,-62,247926,-64,159619,-44
0.71,-1.63,0.4,185408,-52,364866,-76,244211,-62,254576,-69,125187,-40,317694,-62,247919,-64,159607,-44
0.72,-1.63,0.4,185416,-52,364848,-76,244206,-62,254585,-69,125187,-40,317688,-62,247913,-64,159596,-44
0.73,-1.63,0.4,185424,-52,364830,-76,244202,-62,254594,-69,125187,-40,317680,-62,247906,-64,159586,-44
0.74,-1.63,0.4,185432,-52,364812,-76,244199,-62,254603,-69,131904,-41,317674,-62,247900,-64,159575,-44
0.75,-1.63,0.4,185440,-52,364794,-76,244195,-62,254612,-69,134316,-41,317667,-62,247893,-64,159564,-44
0.76,-1.63,0.4,185448,-52,364775,-76,244190,-62,254620,-69,133407,-41,317660,-62,247887,-64,159552,-44
0.78,-1.63,0.4,185463,-52,364739,-76,244182,-62,254637,-69,132008,-41,317646,-62,247874,-64,159530,-44
0.79,-1.63,0.4,185471,-52,364721,-76,244177,-62,254646,-69,132146,-41,317639,-62,247868,-64,159519,-44
0.81,-1.63,0.4,185487,-52,364686,-76,244169,-62,254664,-69,127474,-40,317625,-62,247855,-64,159496,-44
0.82,-1.63,0.4,185494,-52,364668,-76,244165,-62,254673,-69,125800,-40,317618,-62,247848,-64,159486,-44
0.86,-1.63,0.4,185526,-52,364595,-76,244148,-62,254708,-69,128002,-41,317590,-62,247822,-64,159441,-44
0.87,-1.63,0.4,185534,-52,364577,-76,244145,-62,254717,-69,128014,-40,317583,-62,247815,-64,159430,-44
0.88,-1.63,0.4,185542,-52,364559,-76,244140,-62,254725,-69,140037,-41,317576,-62,247809,-64,159419,-44
0.89,-1.63,0.4,185550,-52,364541,-76,244136,-62,254734,-69,131583,-41,317569,-62,247803,-64,159408,-44
0.9,-1.63,0.4,185557,-52,364523,-76,244132,-62,254743,-69,126338,-40,317563,-62,247797,-64,159397,-44
0.91,-1.63,0.4,185565,-52,364505,-76,244128,-62,254752,-69,125187,-40,317556,-62,247790,-64,159386,-44
0.92,-1.63,0.4,185573,-52,364487,-76,244123,-62,254760,-69,131260,-41,317549,-62,247784,-64,159375,-44
0.94,-1.63,0.4,185589,-52,364451,-76,244115,-62,254778,-69,132215,-41,317535,-62,247770,-64,159353,-44
0.95,-1.63,0.4,185597,-52,364433,-76,244111,-62,254787,-69,130195,-41,317528,-62,247764,-64,159342,-44
0.96,-1.63,0.4,185605,-52,364415,-76,244106,-62,254795,-69,128723,-41,317521,-62,247758,-64,159330,-44
0.97,-1.63,0.4,185612,-52,364398,-76,244102,-62,254805,-69,128312,-40,317514,-62,247751,-64,159319,-44
0.99,-1.63,0.4,185628,-52,364361,-76,244094,-62,254822,-69,130851,-41,317500,-62,247738,-64,159298,-44
1,-1.63,0.4,185636,-52,364344,-76,244090,-62,254831,-69,134563,-40,317493,-62,247731,-64,159286,-44
4.61,-1.63,0.4,188473,-52,357836,-76,242584,-62,257992,-70,134897,-40,314991,-62,245398,-65,155282,-44
4.62,-1.63,0.4,188481,-52,357818,-76,242580,-62,255204,-70,134898,-40,314984,-62,245392,-65,155271,-44
4.63,-1.63,0.4,188488,-52,357800,-76,242576,-62,253617,-70,134899,-40,314977,-62,245385,-65,155260,-44
4.64,-1.63,0.4,188497,-52,357781,-76,242572,-62,255585,-70,134900,-40,314970,-62,245379,-65,155249,-44
4.65,-1.63,0.4,188505,-52,357764,-76,242568,-62,256438,-69,134901,-40,314963,-62,245372,-65,155238,-44
4.67,-1.63,0.4,188521,-52,357728,-76,242559,-62,256438,-69,134903,-40,314949,-62,245359,-65,155216,-44
4.68,-1.63,0.4,188528,-52,357710,-76,242555,-62,265351,-70,134904,-40,314942,-62,245352,-65,155204,-44
4.69,-1.63,0.4,188536,-52,357692,-76,242551,-62,258813,-70,134905,-40,314936,-62,245346,-65,155194,-44
4.7,-1.63,0.4,188544,-52,357673,-76,242547,-62,262634,-70,134906,-40,314928,-62,245340,-65,155183,-44
4.72,-1.63,0.4,188560,-52,357638,-76,242538,-62,267375,-70,134907,-40,314914,-62,245327,-65,155160,-44
4.73,-1.63,0.4,188567,-52,357619,-76,242534,-62,267848,-70,134908,-40,314908,-62,245320,-65,155149,-44
4.74,-1.63,0.4,188575,-52,357601,-76,242530,-62,267060,-70,134909,-40,314900,-62,245314,-65,155138,-44
4.75,-1.63,0.4,188583,-52,357584,-76,242526,-62,260561,-70,134910,-40,314893,-62,245307,-65,155127,-44
4.76,-1.63,0.4,188591,-52,357565,-76,242522,-62,256458,-70,134911,-40,314887,-62,245301,-65,155116,-44
4.78,-1.63,0.4,188607,-52,357529,-76,242514,-62,257885,-69,134913,-40,314873,-62,245288,-65,155094,-44
4.79,-1.63,0.4,188615,-52,357511,-76,242509,-62,261431,-70,134914,-40,314866,-62,245282,-65,155082,-44
4.8,-1.63,0.4,188623,-52,357493,-76,242505,-62,259757,-69,134915,-40,314859,-62,245275,-65,155071,-44
4.82,-1.63,0.4,188638,-52,357458,-76,242497,-62,258000,-70,134917,-40,314845,-62,245262,-65,155049,-44
4.83,-1.63,0.4,188646,-52,357439,-76,242493,-62,256680,-70,134918,-40,314838,-62,245256,-65,155038,-44
4.84,-1.63,0.4,188654,-52,357421,-76,242488,-62,256438,-70,134919,-40,314831,-62,245249,-65,155027,-44
4.87,-1.63,0.4,188677,-52,357367,-76,242476,-62,261647,-70,134921,-40,314810,-62,245230,-65,154994,-44
4.88,-1.63,0.4,188685,-52,357349,-76,242472,-62,256068,-70,134922,-40,314803,-62,245223,-65,154983,-44
4.89,-1.63,0.4,188693,-52,357331,-76,242468,-62,259562,-71,134923,-40,314796,-62,245217,-65,154972,-44
4.9,-1.63,0.4,188701,-52,357313,-76,242464,-62,259468,-70,134924,-40,314790,-62,245211,-65,154961,-44
4.91,-1.63,0.4,188709,-52,357295,-76,242459,-62,258028,-71,134925,-40,314782,-62,245204,-65,154949,-44
4.92,-1.63,0.4,188717,-52,357277,-76,242455,-62,269979,-70,134926,-40,314775,-62,245197,-65,154938,-44
4.93,-1.63,0.4,188724,-52,357259,-76,242451,-62,258976,-70,134927,-40,314768,-62,245191,-65,154927,-44
4.94,-1.63,0.4,188732,-52,357241,-76,242447,-62,256437,-70,134928,-40,314761,-62,245184,-65,154917,-44
4.95,-1.63,0.4,188740,-52,357223,-76,242442,-62,253391,-70,134929,-40,314754,-62,245178,-65,154905,-44
4.97,-1.63,0.4,188755,-52,357186,-76,242434,-62,256229,-70,134930,-40,314741,-62,245165,-65,154883,-44
4.98,-1.63,0.4,188764,-52,357168,-76,242430,-62,256437,-69,134932,-40,314734,-62,245159,-65,154872,-43
4.99,-1.63,0.4,188771,-52,357150,-76,242426,-62,257503,-70,134933,-40,314727,-62,245152,-65,154861,-43
5,-1.63,0.4,188780,-52,357133,-76,242422,-62,258000,-70,134934,-40,314720,-62,245146,-65,154850,-43
5.01,-1.63,0.4,188787,-52,357115,-76,242417,-62,258000,-70,134935,-40,314713,-62,245139,-65,154839,-43
5.05,-1.63,0.4,188818,-52,357043,-76,242401,-62,270270,-70,134938,-40,314686,-62,245114,-65,154794,-43
5.06,-1.63,0.4,188826,-52,357025,-76,242397,-62,268919,-70,134939,-40,314679,-62,245107,-65,154783,-43
5.07,-1.63,0.4,188834,-52,357006,-76,242393,-62,267538,-69,134940,-40,314672,-62,245101,-65,154772,-43
5.08,-1.63,0.4,188843,-52,356988,-76,242389,-62,259473,-69,134941,-40,314665,-62,245094,-65,154761,-43
5.09,-1.63,0.4,188851,-52,356970,-76,242384,-62,256849,-70,134942,-40,314658,-62,245088,-65,154750,-43
5.1,-1.63,0.4,188858,-52,356953,-76,242380,-62,263171,-69,134943,-40,314651,-62,245081,-65,154739,-43
5.12,-1.63,0.4,188873,-52,356916,-76,242371,-62,268874,-69,134944,-40,314636,-62,245068,-65,154717,-43
5.13,-1.63,0.4,188882,-52,356898,-76,242368,-62,259702,-69,134945,-40,314630,-62,245062,-65,154706,-43
5.14,-1.63,0.4,188889,-52,356880,-76,242363,-62,256881,-69,134946,-40,314623,-62,245055,-65,154695,-43
5.15,-1.63,0.4,188898,-52,356862,-76,242359,-62,261237,-69,134947,-40,314616,-62,245049,-65,154684,-43
5.16,-1.63,0.4,188905,-52,356844,-76,242355,-62,258161,-70,134948,-40,314609,-62,245042,-65,154672,-43
5.18,-1.63,0.4,188921,-52,356808,-76,242346,-62,256438,-69,134950,-40,314595,-62,245030,-65,154650,-43
5.19,-1.63,0.4,188929,-52,356790,-76,242342,-62,255784,-70,134951,-40,314588,-62,245023,-65,154639,-43
5.2,-1.63,0.4,188937,-52,356772,-76,242339,-62,253455,-70,134952,-40,314581,-62,245016,-65,154628,-43
5.21,-1.63,0.4,188945,-52,356754,-76,242334,-62,254867,-70,134953,-40,314574,-62,245010,-65,154617,-43
5.22,-1.63,0.4,188952,-52,356736,-76,242330,-62,267922,-70,134954,-40,314568,-62,245004,-65,154606,-43
5.23,-1.63,0.4,188960,-52,356718,-76,242326,-62,260118,-69,134955,-40,314561,-62,244997,-65,154595,-43
8.86,-1.63,0.4,191813,-52,350175,-76,240812,-62,257833,-69,135290,-40,312044,-62,242651,-66,150569,-43
8.87,-1.63,0.4,191821,-52,350157,-76,240714,-62,257832,-69,135291,-40,312037,-62,242644,-66,150558,-43
8.88,-1.63,0.4,191828,-52,350138,-76,239341,-62,257832,-69,135292,-40,312030,-62,242637,-66,150547,-43
8.89,-1.63,0.4,191836,-52,350121,-76,239250,-62,257831,-69,135293,-40,312024,-62,242631,-66,150535,-43
8.9,-1.63,0.4,191844,-52,350102,-76,241775,-62,257831,-69,135294,-40,312016,-62,242624,-66,150525,-43
8.92,-1.63,0.4,191860,-52,350067,-76,241084,-62,257830,-69,135296,-40,312003,-62,242611,-66,150502,-43
8.94,-1.63,0.4,191876,-52,350030,-76,236703,-62,257829,-69,135298,-40,311989,-62,242598,-66,150480,-43
8.96,-1.63,0.4,191891,-52,349994,-76,238738,-62,257828,-69,135300,-40,311974,-62,242586,-66,150458,-43
8.98,-1.63,0.4,191908,-52,349958,-76,246000,-62,257827,-69,135301,-40,311961,-62,242573,-66,150436,-43
8.99,-1.63,0.4,191916,-52,349940,-76,245105,-62,257827,-69,135302,-40,311954,-62,242566,-66,150425,-43
9,-1.63,0.4,191923,-52,349922,-76,248191,-62,257826,-69,135303,-40,311947,-62,242560,-66,150414,-43
9.01,-1.63,0.4,191931,-52,349904,-76,239249,-62,257826,-69,135304,-40,311940,-62,242554,-66,150403,-43
9.02,-1.63,0.4,191939,-52,349887,-76,239488,-62,257825,-69,135305,-40,311933,-62,242547,-66,150392,-43
9.03,-1.63,0.4,191947,-52,349868,-76,250442,-62,257825,-69,135306,-40,311926,-62,242541,-66,150380,-43
9.04,-1.63,0.4,191955,-52,349850,-76,238283,-62,257824,-69,135307,-40,311919,-62,242534,-66,150370,-43
9.05,-1.63,0.4,191962,-52,349832,-76,238522,-62,257824,-69,135308,-40,311912,-62,242528,-66,150358,-43
9.07,-1.63,0.4,191978,-52,349796,-76,239250,-62,257823,-69,135309,-40,311899,-62,242515,-66,150336,-43
9.08,-1.63,0.4,191986,-52,349778,-76,237734,-62,257823,-69,135310,-40,311891,-62,242508,-66,150325,-43
9.09,-1.63,0.4,191994,-52,349760,-76,246904,-62,257822,-69,135311,-40,311884,-62,242502,-66,150314,-43
9.1,-1.63,0.4,192001,-52,349742,-76,240066,-63,257821,-69,135312,-40,311878,-62,242496,-66,150303,-43
9.11,-1.63,0.4,192009,-52,349724,-76,236600,-62,257821,-69,135313,-40,311870,-62,242489,-66,150292,-43
9.12,-1.63,0.4,192017,-52,349706,-76,236125,-62,257820,-69,135314,-40,311864,-62,242482,-66,150281,-43
9.14,-1.63,0.4,192033,-52,349670,-76,238734,-62,257820,-69,135316,-40,311850,-62,242470,-66,150258,-43
9.15,-1.63,0.4,192041,-52,349652,-76,238083,-62,257819,-69,135317,-40,311843,-62,242463,-66,150248,-43
9.16,-1.63,0.4,192049,-52,349633,-76,239044,-62,257819,-69,135318,-40,311836,-62,242456,-66,150236,-43
9.17,-1.63,0.4,192057,-52,349616,-76,237872,-62,257818,-69,135319,-40,311829,-62,242451,-66,150225,-43
9.18,-1.63,0.4,192064,-52,349598,-76,240572,-62,257818,-69,135320,-40,311822,-62,242444,-66,150214,-43
9.19,-1.63,0.4,192072,-52,349580,-76,240812,-62,257817,-69,135321,-40,311815,-62,242437,-66,150203,-43
9.2,-1.63,0.4,192080,-52,349562,-76,239659,-62,257817,-69,135322,-40,311808,-62,242431,-66,150192,-43
9.23,-1.63,0.4,192104,-52,349508,-76,249760,-62,257816,-69,135324,-40,311788,-62,242412,-66,150158,-43
9.24,-1.63,0.4,192112,-52,349489,-76,242789,-63,257815,-69,135325,-40,311781,-62,242405,-66,150148,-43
9.25,-1.63,0.4,192119,-52,349471,-76,249152,-62,257815,-69,135326,-40,311774,-62,242398,-66,150137,-43
9.26,-1.63,0.4,192127,-52,349454,-76,244840,-62,257814,-69,135327,-40,311767,-62,242392,-66,150125,-43
9.28,-1.63,0.4,192143,-52,349418,-76,236772,-62,257813,-69,135328,-40,311753,-62,242379,-66,150103,-43
9.29,-1.63,0.4,192151,-52,349399,-76,237687,-62,257813,-69,135329,-40,311746,-62,242372,-66,150092,-43
9.3,-1.63,0.4,192159,-52,349381,-76,237330,-62,257812,-69,135330,-40,311739,-62,242366,-67,150081,-43
9.31,-1.63,0.4,192166,-52,349363,-76,238194,-62,257812,-69,135331,-40,311732,-62,242360,-67,150070,-43
9.32,-1.63,0.4,192174,-52,349346,-76,250271,-62,257811,-69,135332,-40,311725,-62,242353,-67,150059,-43
9.33,-1.63,0.4,192182,-52,349327,-76,251652,-63,257811,-69,135334,-40,311718,-62,242346,-67,150048,-43
9.34,-1.63,0.4,192191,-52,349309,-76,241273,-62,257810,-69,135335,-40,311711,-62,242340,-67,150037,-43
9.35,-1.63,0.4,192198,-52,349291,-76,240539,-62,257810,-69,135335,-40,311704,-62,242334,-67,150026,-43
9.37,-1.63,0.4,192214,-52,349256,-76,240812,-62,257809,-69,135337,-40,311690,-62,242321,-67,150004,-43
9.39,-1.63,0.4,192229,-52,349219,-76,240812,-62,257808,-69,135339,-40,311676,-62,242307,-67,149981,-43
9.4,-1.63,0.4,192237,-52,349201,-76,249621,-62,257808,-69,135340,-40,311669,-62,242301,-67,149970,-43
9.41,-1.63,0.4,192245,-52,349183,-76,243109,-62,257807,-69,135341,-40,311662,-62,242295,-67,149959,-43
9.43,-1.63,0.4,192261,-52,349147,-76,240150,-62,257807,-69,135342,-40,311649,-62,242282,-67,149937,-43
9.44,-1.63,0.4,192269,-52,349129,-76,239249,-62,257806,-69,135343,-40,311641,-62,242275,-67,149926,-43
9.45,-1.63,0.4,192277,-52,349111,-76,242927,-62,257806,-69,135344,-40,311635,-62,242269,-67,149915,-43
9.46,-1.63,0.4,192285,-52,349093,-76,247937,-62,257805,-69,135345,-40,311628,-62,242262,-67,149903,-43
9.47,-1.63,0.4,192292,-52,349075,-76,239211,-62,257805,-69,135346,-40,311621,-62,242256,-67,149893,-43
9.48,-1.63,0.4,192300,-52,349057,-76,237813,-62,257804,-69,135347,-40,311614,-62,242250,-67,149881,-43
9.49,-1.63,0.4,192308,-52,349039,-76,246056,-62,257803,-69,135348,-40,311607,-62,242243,-67,149870,-43
9.51,-1.63,0.4,192324,-52,349003,-76,238763,-62,257803,-69,135350,-40,311594,-62,242231,-67,149848,-43
9.52,-1.63,0.4,192331,-52,348985,-76,237687,-62,257802,-69,135351,-40,311587,-62,242224,-67,149837,-43
13.19,-1.63,0.4,195216,-51,341986,-76,238025,-62,257633,-69,135690,-40,309042,-62,239851,-68,145767,-42
13.2,-1.63,0.4,195224,-51,338331,-76,238026,-62,257633,-69,135691,-40,309035,-62,239845,-68,145756,-42
13.21,-1.63,0.4,195232,-51,328542,-76,238027,-62,257632,-69,135692,-40,309028,-62,239838,-68,145745,-42
13.23,-1.63,0.4,195247,-51,332575,-77,238029,-62,257631,-69,135694,-40,309014,-62,239825,-68,145722,-42
13.25,-1.63,0.4,195263,-51,337619,-76,238030,-62,257630,-69,135696,-40,309000,-62,239813,-68,145701,-42
13.26,-1.63,0.4,195271,-51,325607,-77,238031,-62,257630,-69,135697,-40,308993,-62,239806,-68,145690,-42
13.29,-1.63,0.4,195295,-51,336535,-76,238035,-62,257628,-69,135700,-40,308972,-62,239787,-68,145656,-42
13.3,-1.63,0.4,195303,-51,332835,-76,238036,-62,257628,-69,135701,-40,308966,-62,239780,-68,145645,-42
13.31,-1.63,0.4,195311,-51,332634,-77,238037,-62,257627,-69,135702,-40,308959,-62,239773,-68,145634,-42
13.33,-1.63,0.4,195326,-51,332938,-77,238038,-62,257627,-69,135703,-40,308945,-62,239761,-68,145612,-42
13.34,-1.63,0.4,195334,-51,338074,-77,238039,-62,257626,-69,135704,-40,308938,-62,239754,-68,145601,-42
13.35,-1.63,0.4,195341,-51,339250,-76,238040,-62,257626,-69,135705,-40,308931,-62,239748,-68,145589,-42
13.36,-1.63,0.4,195349,-51,339015,-76,238041,-62,257625,-69,135706,-40,308924,-62,239742,-68,145579,-42
13.37,-1.63,0.4,195358,-51,331525,-76,238042,-62,257625,-69,135707,-40,308917,-62,239735,-68,145567,-42
13.38,-1.63,0.4,195366,-51,336670,-76,238043,-62,257624,-69,135708,-40,308910,-62,239728,-68,145556,-42
13.4,-1.63,0.4,195381,-51,325013,-76,238044,-62,257623,-69,135709,-40,308896,-62,239715,-68,145534,-42
13.41,-1.63,0.4,195389,-51,329316,-76,238045,-62,257623,-69,135710,-40,308889,-62,239709,-68,145522,-42
13.42,-1.63,0.4,195397,-51,325447,-76,238046,-62,257622,-69,135712,-40,308882,-62,239702,-68,145512,-42
13.43,-1.63,0.4,195404,-51,330344,-76,238047,-62,257622,-69,135713,-40,308875,-62,239696,-68,145501,-42
13.44,-1.63,0.4,195413,-51,331437,-76,238048,-62,257621,-69,135714,-40,308869,-62,239690,-68,145490,-42
13.45,-1.63,0.4,195421,-51,329518,-76,238049,-62,257621,-69,135715,-40,308861,-62,239683,-68,145478,-42
13.46,-1.63,0.4,195428,-51,328312,-76,238050,-62,257620,-69,135716,-40,308855,-62,239677,-68,145467,-42
13.48,-1.63,0.4,195444,-51,330667,-76,238051,-62,257620,-69,135717,-40,308841,-62,239664,-68,145445,-42
13.5,-1.63,0.4,195459,-51,327663,-77,238054,-62,257619,-69,135719,-40,308827,-62,239651,-68,145423,-42
13.51,-1.63,0.4,195468,-51,332999,-77,238054,-62,257618,-69,135720,-40,308820,-62,239644,-68,145412,-42
13.52,-1.63,0.4,195475,-51,332999,-77,238056,-62,257618,-69,135721,-40,308813,-62,239638,-68,145401,-42
13.53,-1.63,0.4,195483,-51,331612,-76,238057,-62,257617,-69,135722,-40,308806,-62,239632,-68,145390,-42
13.55,-1.63,0.4,195499,-51,328312,-77,238058,-62,257616,-69,135723,-40,308793,-62,239619,-68,145368,-42
13.57,-1.63,0.4,195514,-51,328312,-76,238060,-62,257615,-69,135725,-40,308778,-61,239605,-68,145346,-42
13.58,-1.63,0.4,195522,-51,327036,-76,238061,-62,257615,-69,135727,-40,308771,-61,239599,-68,145334,-42
13.59,-1.63,0.4,195531,-51,338238,-76,238062,-62,257614,-69,135728,-40,308765,-61,239593,-68,145323,-42
13.6,-1.63,0.4,195538,-51,332308,-76,238063,-62,257614,-69,135729,-40,308758,-61,239586,-68,145312,-42
13.61,-1.63,0.4,195546,-51,327621,-76,238064,-62,257613,-69,135730,-40,308751,-61,239580,-68,145301,-42
13.63,-1.63,0.4,195562,-51,334110,-76,238065,-62,257613,-69,135731,-40,308737,-61,239567,-68,145279,-42
13.64,-1.63,0.4,195570,-51,337394,-76,238066,-62,257612,-69,135732,-40,308730,-61,239560,-68,145268,-42
13.65,-1.63,0.4,195577,-51,341172,-76,238067,-62,257612,-69,135733,-40,308723,-61,239554,-68,145257,-42
13.66,-1.63,0.4,195585,-51,340870,-77,238068,-62,257611,-69,135734,-40,308716,-61,239547,-68,145246,-42
13.67,-1.63,0.4,195594,-51,328863,-76,238069,-62,257611,-69,135735,-40,308709,-61,239541,-68,145235,-42
13.68,-1.63,0.4,195601,-51,328312,-76,238070,-62,257610,-69,135736,-40,308702,-61,239534,-68,145224,-42
13.7,-1.63,0.4,195617,-51,326640,-76,238072,-62,257610,-69,135737,-40,308689,-61,239522,-68,145202,-42
13.71,-1.63,0.4,195625,-51,332598,-76,238073,-62,257609,-70,135738,-40,308681,-61,239515,-68,145190,-42
13.72,-1.63,0.4,195633,-51,327018,-77,238074,-62,257608,-70,135739,-40,308674,-61,239508,-68,145180,-42
13.73,-1.63,0.4,195640,-51,324165,-76,238075,-62,257608,-70,135740,-40,308667,-61,239502,-68,145168,-42
13.75,-1.63,0.4,195656,-51,324943,-77,238077,-62,257607,-70,135742,-40,308653,-61,239489,-68,145146,-42
13.76,-1.63,0.4,195664,-51,324277,-76,238078,-62,257606,-70,135743,-40,308646,-61,239483,-68,145134,-42
13.78,-1.63,0.4,195680,-51,324115,-76,238079,-62,257606,-70,135745,-40,308633,-61,239470,-68,145113,-42
13.79,-1.63,0.4,195687,-51,324369,-76,238080,-62,257605,-70,135746,-40,308626,-61,239463,-68,145102,-42
13.8,-1.63,0.4,195695,-51,322715,-76,238081,-62,257605,-70,135747,-40,308619,-61,239457,-68,145090,-42
13.81,-1.63,0.4,195703,-51,326973,-76,238082,-62,257604,-70,135748,-40,308612,-61,239451,-68,145079,-42
13.82,-1.63,0.4,195711,-51,331083,-76,238083,-62,257604,-70,135749,-40,308605,-61,239444,-68,145068,-42
13.84,-1.63,0.4,195727,-51,328312,-76,238085,-62,257603,-70,135750,-40,308591,-61,239431,-68,145046,-42
13.85,-1.63,0.4,195735,-51,328313,-76,238086,-62,257603,-70,135751,-40,308584,-61,239425,-68,145035,-42
17.53,-1.63,0.4,198945,-51,330684,-76,238425,-62,257433,-70,136091,-40,306033,-61,237046,-69,140954,-41
17.54,-1.63,0.4,200060,-52,330691,-76,238426,-62,257432,-70,136092,-40,306026,-61,237039,-69,140943,-41
17.55,-1.63,0.4,198668,-52,330697,-76,238427,-62,257432,-70,136093,-40,306019,-61,237032,-69,140931,-41
17.57,-1.63,0.4,198625,-51,330710,-76,238429,-62,257431,-70,136095,-40,306005,-61,237020,-69,140909,-41
17.59,-1.63,0.4,198430,-52,330722,-76,238430,-62,257430,-70,136097,-40,305992,-61,237007,-69,140887,-41
17.6,-1.63,0.4,195500,-52,330729,-76,238431,-62,257430,-70,136098,-40,305985,-61,237001,-69,140876,-41
17.61,-1.63,0.4,195500,-51,330736,-76,238432,-62,257429,-70,136099,-40,305978,-61,236994,-69,140865,-41
17.62,-1.63,0.4,195500,-51,330742,-76,238433,-62,257428,-70,136100,-40,305970,-61,236988,-69,140854,-41
17.63,-1.63,0.4,197593,-52,330749,-76,238434,-62,257428,-70,136101,-40,305963,-61,236981,-69,140843,-41
17.64,-1.63,0.4,197726,-51,330755,-76,238435,-62,257427,-70,136102,-40,305956,-61,236974,-69,140832,-41
17.66,-1.63,0.4,195500,-51,330768,-76,238436,-62,257427,-70,136103,-40,305943,-61,236962,-69,140810,-41
17.67,-1.63,0.4,196483,-51,330775,-76,238437,-62,257426,-70,136104,-40,305935,-61,236955,-69,140799,-41
17.68,-1.63,0.4,198371,-52,330781,-76,238438,-62,257426,-70,136105,-40,305929,-61,236949,-69,140787,-41
17.69,-1.63,0.4,197395,-51,330787,-76,238439,-62,257425,-70,136106,-40,305922,-61,236942,-69,140777,-41
17.7,-1.63,0.4,200125,-51,330794,-76,238440,-62,257425,-70,136107,-40,305915,-61,236936,-69,140765,-41
17.71,-1.63,0.4,200188,-51,330800,-76,238441,-62,257424,-70,136108,-40,305908,-61,236930,-69,140754,-41
17.74,-1.63,0.4,201400,-51,330820,-76,238444,-62,257423,-70,136111,-40,305887,-61,236910,-69,140721,-41
17.75,-1.63,0.4,198657,-51,330826,-76,238445,-62,257423,-70,136112,-40,305880,-61,236903,-69,140710,-41
17.76,-1.63,0.4,201483,-51,330832,-76,238446,-62,257422,-70,136113,-40,305874,-61,236897,-69,140699,-41
17.78,-1.63,0.4,201750,-52,330845,-76,238448,-62,257421,-70,136115,-40,305859,-61,236884,-69,140677,-41
17.79,-1.63,0.4,200802,-51,330851,-76,238449,-62,257421,-70,136116,-40,305853,-61,236878,-69,140666,-41
17.82,-1.63,0.4,201750,-52,330871,-76,238451,-62,257420,-70,136118,-40,305832,-61,236858,-69,140632,-41
17.83,-1.63,0.4,201750,-52,330878,-76,238452,-62,257419,-70,136119,-40,305825,-61,236851,-69,140621,-41
17.84,-1.63,0.4,201646,-51,330884,-76,238453,-62,257419,-70,136120,-40,305818,-61,236845,-69,140610,-41
17.89,-1.63,0.4,197099,-51,330916,-76,238458,-62,257416,-70,136125,-40,305783,-61,236813,-69,140555,-41
17.9,-1.63,0.4,198526,-51,330923,-76,238459,-62,257416,-70,136126,-40,305776,-61,236806,-69,140544,-41
17.92,-1.63,0.4,197216,-52,330936,-76,238461,-62,257415,-70,136128,-40,305762,-61,236793,-69,140521,-41
17.93,-1.63,0.4,198183,-52,330942,-76,238462,-62,257414,-70,136129,-40,305755,-61,236787,-69,140510,-41
17.94,-1.63,0.4,198625,-51,330948,-76,238463,-62,257414,-70,136130,-40,305749,-61,236781,-69,140499,-41
17.96,-1.63,0.4,201452,-52,330961,-76,238464,-62,257413,-70,136131,-40,305735,-61,236768,-69,140477,-41
17.98,-1.63,0.4,206711,-52,330974,-76,238466,-62,257412,-70,136133,-40,305721,-61,236755,-69,140455,-41
17.99,-1.63,0.4,208000,-52,330981,-76,238467,-62,257412,-70,136134,-40,305714,-61,236748,-69,140443,-41
18,-1.63,0.4,208000,-52,330987,-76,238468,-62,257411,-70,136135,-40,305707,-61,236742,-69,140432,-41
18.01,-1.63,0.4,197063,-52,330993,-76,238469,-62,257411,-70,136136,-40,305701,-61,236736,-69,140421,-41
18.02,-1.63,0.4,197062,-52,331000,-76,238470,-62,257410,-70,136137,-40,305693,-61,236729,-69,140410,-41
18.04,-1.63,0.4,195853,-52,331013,-76,238471,-62,257409,-70,136138,-40,305679,-61,236716,-69,140388,-41
18.05,-1.63,0.4,197063,-53,331019,-76,238473,-62,257409,-70,136139,-40,305673,-61,236710,-69,140377,-41
18.06,-1.63,0.4,197062,-52,331026,-76,238474,-62,257408,-70,136140,-40,305665,-61,236703,-69,140366,-41
18.07,-1.63,0.4,205675,-52,331032,-76,238475,-62,257408,-70,136141,-40,305659,-61,236697,-69,140355,-41
18.08,-1.63,0.4,196020,-52,331039,-76,238476,-62,257407,-70,136142,-40,305651,-61,236690,-69,140344,-41
18.09,-1.63,0.4,195112,-52,331045,-76,238477,-62,257407,-70,136143,-40,305645,-61,236684,-69,140333,-41
18.1,-1.63,0.4,194468,-52,331052,-76,238478,-62,257406,-70,136144,-40,305638,-61,236677,-69,140321,-41
18.12,-1.63,0.4,195500,-52,331064,-76,238479,-62,257406,-70,136146,-40,305624,-61,236664,-69,140299,-41
18.13,-1.63,0.4,196744,-52,331071,-76,238480,-62,257405,-70,136147,-40,305617,-61,236657,-69,140288,-41
18.14,-1.63,0.4,208000,-52,331077,-76,238481,-62,257405,-70,136148,-40,305610,-61,236652,-69,140277,-41
18.15,-1.63,0.4,208000,-52,331084,-76,238482,-62,257404,-70,136149,-40,305603,-61,236645,-69,140266,-41
18.16,-1.63,0.4,194523,-52,331090,-76,238483,-62,257404,-70,136150,-40,305596,-61,236638,-69,140255,-41
18.18,-1.63,0.4,195500,-52,331103,-76,238484,-62,257403,-70,136151,-40,305582,-61,236625,-69,140233,-41
18.21,-1.63,0.4,195500,-52,331122,-76,238487,-62,257401,-70,136154,-40,305562,-61,236606,-69,140200,-41
18.22,-1.63,0.4,195500,-52,331128,-76,238489,-62,257401,-70,136156,-40,305555,-61,236600,-69,140188,-41
18.23,-1.63,0.4,195500,-52,331135,-76,238490,-62,257400,-70,136157,-40,305548,-61,236593,-69,140177,-41
21.88,-1.63,0.4,196004,-52,333486,-76,238826,-62,257232,-70,136494,-40,303017,-61,234234,-70,136129,-40
21.89,-1.63,0.4,196006,-52,333493,-76,238827,-62,257231,-70,136495,-40,303010,-61,234227,-70,135231,-40
21.91,-1.63,0.4,196008,-52,333506,-76,238828,-62,257231,-70,136496,-40,302996,-61,234214,-70,139090,-40
21.92,-1.63,0.4,196010,-52,333512,-76,238829,-62,257230,-70,136497,-40,302990,-61,234208,-70,143355,-40
21.93,-1.63,0.4,196011,-52,333519,-76,238830,-62,257230,-70,136498,-40,302983,-61,234201,-70,134562,-40
21.94,-1.63,0.4,196013,-52,333525,-76,238831,-62,257229,-70,136499,-40,302976,-61,234195,-70,134562,-41
21.96,-1.63,0.4,196015,-52,333538,-76,238832,-62,257229,-70,136501,-40,302962,-61,234182,-70,143663,-41
21.97,-1.63,0.4,196017,-52,333545,-76,238833,-62,257228,-70,136502,-40,302955,-61,234175,-70,135673,-41
21.98,-1.63,0.4,196018,-52,333551,-76,238834,-62,257228,-70,136503,-40,302947,-61,234169,-70,134886,-40
21.99,-1.63,0.4,196019,-52,333558,-76,238835,-62,257227,-70,136504,-40,302940,-61,234162,-70,137467,-40
22,-1.63,0.4,196021,-52,333564,-76,238836,-62,257227,-70,136505,-40,302934,-61,234156,-70,148623,-41
22.01,-1.63,0.4,196022,-52,333571,-76,238837,-62,257226,-70,136506,-40,302926,-61,234149,-70,136717,-41
22.02,-1.63,0.4,196024,-52,333577,-76,238838,-62,257226,-70,136507,-40,302920,-61,234143,-70,136125,-41
22.03,-1.63,0.4,196025,-52,333584,-76,238839,-62,257225,-70,136508,-40,302913,-61,234136,-70,136125,-41
22.04,-1.63,0.4,196026,-52,333590,-76,238840,-62,257225,-70,136509,-40,302906,-61,234130,-70,136124,-41
22.05,-1.63,0.4,196028,-52,333596,-76,238841,-62,257224,-70,136510,-40,302899,-61,234124,-70,135194,-40
22.07,-1.63,0.4,196031,-52,333609,-76,238843,-62,257224,-70,136511,-40,302885,-61,234111,-70,143800,-40
22.08,-1.63,0.4,196032,-52,333615,-76,238844,-62,257223,-70,136512,-40,302879,-61,234105,-70,134750,-40
22.1,-1.63,0.4,196034,-52,333628,-76,238845,-62,257222,-70,136513,-40,302864,-61,234091,-70,136124,-41
22.11,-1.63,0.4,196036,-52,333635,-76,238846,-62,257222,-70,136514,-40,302857,-61,234085,-70,136124,-41
22.12,-1.63,0.4,196037,-52,333641,-76,238847,-62,257221,-70,136515,-40,302850,-61,234078,-70,140578,-41
22.13,-1.63,0.4,196038,-52,333648,-76,238848,-62,257221,-70,136516,-40,302843,-61,234072,-70,147189,-41
22.14,-1.63,0.4,196040,-52,333654,-76,238849,-62,257220,-70,136518,-40,302837,-61,234065,-70,137498,-41
22.15,-1.63,0.4,196042,-52,333661,-76,238850,-62,257220,-70,136519,-40,302830,-61,234059,-70,136239,-40
22.16,-1.63,0.4,196043,-52,333667,-76,238851,-62,257219,-70,136519,-40,302823,-61,234053,-70,148401,-41
22.17,-1.63,0.4,196044,-52,333674,-76,238852,-62,257219,-70,136521,-40,302816,-61,234046,-70,137582,-41
22.18,-1.63,0.4,196046,-52,333680,-76,238853,-62,257218,-70,136522,-40,302809,-61,234039,-70,136124,-41
22.19,-1.63,0.4,196047,-52,333687,-76,238854,-62,257218,-70,136523,-40,302802,-61,234033,-70,145113,-41
22.2,-1.63,0.4,196048,-52,333693,-76,238855,-62,257217,-70,136524,-40,302795,-61,234027,-70,140861,-41
22.22,-1.63,0.4,196051,-52,333706,-76,238856,-62,257217,-70,136525,-40,302781,-61,234014,-70,143080,-41
22.23,-1.63,0.4,196052,-52,333712,-76,238857,-62,257216,-70,136526,-40,302774,-61,234007,-70,146803,-41
22.24,-1.63,0.4,196054,-52,333719,-76,238859,-62,257215,-70,136527,-40,302767,-61,234000,-70,137712,-40
22.26,-1.63,0.4,196057,-52,333732,-76,238860,-62,257215,-70,136528,-40,302754,-61,233988,-70,140588,-41
22.27,-1.63,0.4,196058,-52,333738,-76,238861,-62,257214,-70,136529,-40,302747,-61,233981,-70,147527,-41
22.28,-1.63,0.4,196059,-52,333744,-76,238862,-62,257214,-70,136530,-40,302739,-61,233975,-70,146305,-41
22.29,-1.63,0.4,196061,-52,333751,-76,238863,-62,257213,-70,136531,-40,302732,-61,233968,-70,137550,-41
22.3,-1.63,0.4,196062,-52,333758,-76,238864,-62,257213,-70,136532,-40,302725,-61,233962,-70,136214,-41
22.31,-1.63,0.4,196064,-52,333764,-76,238865,-62,257212,-70,136533,-40,302719,-61,233955,-70,136124,-41
22.32,-1.63,0.4,196065,-52,333770,-76,238866,-62,257212,-70,136535,-40,302712,-61,233949,-70,147246,-41
22.33,-1.63,0.4,196066,-52,333777,-76,238867,-62,257211,-70,136536,-40,302705,-61,233942,-70,140569,-40
22.34,-1.63,0.4,196068,-52,333783,-76,238868,-62,257211,-70,136536,-40,302698,-61,233936,-70,136125,-41
22.35,-1.63,0.4,196069,-52,333790,-76,238869,-62,257210,-70,136537,-40,302691,-61,233930,-70,137042,-41
22.37,-1.63,0.4,196072,-52,333803,-76,238870,-62,257210,-70,136539,-40,302677,-61,233916,-70,145619,-41
22.38,-1.63,0.4,196073,-52,333809,-76,238871,-62,257209,-70,136540,-40,302671,-61,233910,-70,137987,-41
22.39,-1.63,0.4,196075,-52,333816,-76,238873,-62,257208,-70,136541,-40,302664,-61,233903,-70,147854,-41
